2782 4642
646 349 684 409 11

135 528 268 610 paratim
294 526 333 588 de
356 524 462 589 Vellei
486 544 603 608 genere
627 526 754 588 dicendi
778 525 943 590 confecere
966 525 1093 589 libellos
1115 525 1202 589 hanc

136 641 167 700 et
187 636 277 726 illam
301 638 357 697 ant
379 635 492 698 leviter
515 635 762 717 perstrinxerint
777 642 832 700 aut
852 637 956 701 fusius
982 638 1197 719 exposuerint.

135 745 238 808 Immo
273 744 423 826 equidem
452 744 555 806 adhuc
579 744 723 827 neglecta
747 765 864 809 curans
889 766 930 810 ex
954 747 1083 809 dicendi
1107 765 1200 808 orna-

136 855 255 918 mentis
288 871 325 914 ea
357 854 558 935 potissimum
589 872 770 936 persequar,
807 875 889 938 quae
914 855 1026 918 Graeci
1055 875 1196 938 parono-

138 963 244 1026 masia
267 963 531 1044 complectnntur,
566 961 757 1028 Cornificius
779 964 828 1025 IV
852 966 903 1046 21,
921 966 962 1026 29
998 967 1043 1028 sic
1073 963 1199 1027 delinit:

139 1070 375 1134 ‘artnorninutr'c
408 1075 463 1153 est,
495 1092 570 1135 oum
606 1073 645 1135 ad
677 1073 763 1136 idem
801 1074 933 1137 verbum
970 1081 1001 1137 et
1039 1075 1079 1138 ad
1113 1076 1197 1140 idem

139 1200 255 1244 numen
281 1180 442 1244 acceditur
465 1184 713 1246 commutatione
736 1163 835 1246 unius
858 1183 981 1246 litterae
1004 1190 1060 1247 aut
1082 1185 1201 1249 littera·
1272 1252 1274 1258 ,

138 1310 221 1371 rum,
245 1296 302 1377 aut
324 1291 363 1353 ad
386 1310 437 1354 res
461 1292 633 1357 dissimiles
649 1293 767 1356 similia
783 1292 881 1356 verba
898 1294 1210 1359 accommodanturffi

137 1399 251 1483 Neque
274 1406 399 1483 praeter
422 1403 691 1484 exspectationem
715 1401 795 1463 mihi
827 1401 949 1481 accidit,
980 1408 1015 1466 ut
1038 1403 1200 1468 Velleium

139 1529 216 1572 sane
239 1509 387 1572 crebrum
422 1510 524 1572 fuisse
558 1511 593 1574 iu
628 1510 780 1573 omnibus
813 1512 863 1574 his
887 1511 1035 1575 dictionis
1058 1512 1201 1577 flosculis

138 1620 281 1682 studiose
305 1618 491 1701 appetendis
515 1637 749 1701 cognoscerem.

246 1749 293 1810 Ac
326 1748 465 1829 primunr
500 1747 631 1828 quidem
668 1765 709 1809 ex
743 1746 869 1809 infinita
891 1747 956 1810 fere
980 1750 1199 1832 exemplorum

141 1860 230 1940 copia
265 1876 368 1939 pauca
403 1857 572 1938 decerpere
607 1857 684 1918 satis
712 1855 813 1919 habeo
838 1857 907 1919 eius
931 1860 1201 1922 annominationis

141 1968 277 2048 generis⁷
301 1984 363 2048 quo
387 1967 486 2028 variis
510 1967 653 2029 eiusdem
677 1966 767 2029 verbi
790 1965 901 2030 formis
929 1967 1064 2030 luditur:
1093 1969 1201 2050 inopia

139 2075 356 2139 obsidentibus
380 2095 477 2158 quam
501 2075 635 2138 obsessis
648 2084 714 2140 erat
736 2079 864 2160 gravior
887 2076 921 2139 ΙΙ
935 2079 985 2157 51,
999 2079 1027 2140 2.
1051 2077 1102 2139 his
1125 2077 1204 2159 ipsis

139 2186 276 2248 militum
301 2185 424 2268 gladiis,
449 2185 568 2268 quibus
591 2186 736 2249 obsessus
760 2191 835 2267 erat,
866 2186 1040 2249 obsidentes
1062 2187 1202 2249 coercuit

139 2295 172 2358 ΙΙ
187 2297 259 2371 125,
274 2300 302 2357 4.
336 2297 421 2378 quod
440 2296 550 2376 adieci,
573 2316 638 2359 non
654 2303 692 2360 ut
707 2316 882 2378 arguerem,
907 2295 963 2357 sed
986 2314 1027 2357 ne
1050 2315 1203 2377 arpatercr

138 2405 172 2468 Il
196 2408 288 2487 nat.

247 2513 381 2598 Saepius
411 2515 525 2577 deinde
549 2513 693 2576 Velleius
723 2531 759 2575 ea
782 2513 1005 2594 paronomasia
1029 2511 1203 2575 delectatus

141 2644 209 2687 esse
233 2625 371 2704 violetur,
395 2625 527 2705 quaein
545 2622 720 2685 eorundem
743 2623 795 2683 vel
819 2621 964 2684 eiusdem
988 2621 1086 2701 etynri
1110 2640 1203 2683 vcca-

140 2733 293 2796 bnlorum
339 2734 569 2815 compositione
611 2730 664 2794 vel
708 2731 906 2812 oppositione
946 2732 1099 2793 cernitur:
1146 2752 1204 2795 res

140 2863 251 2924 rapum
280 2844 503 2924 Agamemnon
526 2841 543 2902 Ι
569 2843 595 2921 1,
613 2843 642 2904 2,
689 2839 840 2903 ottonibus
874 2840 1022 2903 orantum
1057 2843 1203 2923 gentium

140 2953 218 3014 viris
243 2949 274 3013 II
298 2949 387 3028 sul.
416 2952 454 3014 cl.
478 2950 512 3014 ΙΙ
536 2953 587 3031 83,
597 2949 625 3012 2.
649 2951 683 3012 Π
709 2950 815 3029 nuo.
862 2949 1047 3013 libertorum
1070 2971 1202 3014 suornm

141 3062 272 3147 libertus
304 3080 533 3143 servorumque
567 3080 678 3122 sarnus
701 3059 734 3122 Il
760 3061 850 3140 13,1.
897 3078 960 3141 quo
983 3059 1071 3121 sulco
1093 3061 1204 3122 sulvus
1261 3085 1262 3089 ¹

142 3191 210 3235 esse
234 3192 299 3234 non
323 3177 445 3255 poterat
468 3169 501 3232 H
527 3171 576 3251 91,
595 3172 622 3231 3.
647 3171 684 3232 cl.
708 3169 741 3232 H
765 3171 816 3247 49,
835 3174 864 3233 3.
911 3169 1038 3250 legatus
1061 3168 1202 3231 eiusdem

142 3283 182 3344 ad
205 3283 339 3345 carradam
364 3284 482 3344 missus
505 3280 539 3342 ΙΙ
559 3280 629 3361 111,
641 3282 672 3342 4.
696 3280 781 3341 inter
791 3277 984 3361 praecipuos
996 3278 1200 3360 praeripuis-

144 3411 207 3472 que
236 3393 328 3455 donis
358 3392 526 3454 adornatos
555 3392 640 3452 viros
664 3389 697 3452 H
723 3390 796 3468 121,
811 3391 839 3453 3.
871 3425 914 3434 -
937 3426 977 3435 —
1004 3405 1083 3469 gens
1107 3387 1203 3448 etiam

144 3499 303 3563 Germana
326 3501 487 3584 ferocitate
509 3500 644 3582 ferocior
670 3498 703 3561 Π
728 3499 800 3580 106,
822 3500 851 3560 2.
877 3498 1015 3559 animam
1044 3495 1203 3558 coelestem

142 3611 224 3672 coelo
257 3611 397 3673 reddidit
419 3611 453 3672 11
479 3611 551 3690 123,
563 3612 591 3673 2.
638 3609 752 3672 urbem
785 3609 889 3690 magis
922 3604 1050 3667 t'rroidiu
1077 3604 1203 3686 imperii

143 3739 238 3800 quam
265 3720 366 3783 ullius
394 3721 464 3783 eius
491 3720 643 3800 temporis
671 3719 788 3781 noxiae
810 3715 954 3779 istasunt
977 3711 1122 3777 Romano
1146 3732 1204 3774 nc-

142 3830 222 3890 mini
245 3829 262 3891 I
288 3830 337 3906 12,
352 3831 379 3891 5.
427 3847 558 3891 manere
582 3829 686 3891 adhuc
708 3828 823 3890 rudem
847 3824 1084 3886 Corinthiorum
1106 3823 1201 3884 tratet-

143 3939 255 4001 lecturn
303 3958 399 4021 quani
446 3940 480 3999 in
527 3943 652 4000 tantum
686 3955 722 3998 ea
762 3934 900 4016 1111111191
933 3933 949 3995 Ι
977 3934 1024 4014 13,
1042 3935 1072 3996 5.
1129 3952 1204 3995 con·

143 4049 317 4111 sulatum.
344 4095 349 4108 .
375 4097 381 4111 .
407 4046 493 4124 r‘nc'it,
522 4049 615 4109 cuius
639 4044 735 4107 1111110
757 4044 790 4106 11
815 4045 900 4125 23,1
927 4043 1006 4105 adeo
1030 4045 1114 4105 enirn
1141 4043 1204 4104 dis-

144 4157 258 4219 similis
282 4156 343 4218 fuit
367 4154 456 4218 Sulla
481 4153 615 4218 bellator
638 4175 674 4219 ac
697 4153 806 4235 uictor,
840 4159 884 4230 ut,
921 4153 997 4215 dum
1020 4153 1129 4231 cinea,
1153 4170 1204 4214 ae-
