2782 4642
709 328 750 390 14

192 507 315 569 civium
339 506 572 582 tantummode,
598 507 654 569 sed
679 505 810 570 urbium
836 508 953 570 damna
977 508 1130 592 principis
1149 508 1256 570 muni-

194 615 323 679 ficentia
351 615 502 680 uindicat.
539 617 705 679 restitutae
741 617 838 680 urbes
873 618 980 698 Asiae,
1018 617 1193 680 oirzdieotoc
1217 617 1256 680 ab

195 727 323 789 iniuriis
346 725 590 807 magistratuum
614 728 798 808 provinciae
821 726 854 789 ll
880 726 985 806 taut.

302 835 372 896 Iam
395 852 469 897 vero
493 835 620 898 omissis
644 836 778 918 reliquis
808 835 1030 917 huiuscemodi
1054 834 1258 916 singulorum

201 944 376 1007 verborum
412 944 548 1025 argutiis
585 945 626 1007 ad
662 965 732 1007 eam
768 950 897 1008 transeo
933 944 1086 1006 orationis
1120 941 1259 1026 figuram

195 1073 294 1136 quam
317 1072 377 1116 nos
401 1053 498 1135 vulgo
525 1052 803 1118 ‘allitterationem'
828 1055 987 1138 appellare
1000 1053 1149 1117 solemus.
1183 1052 1259 1116 Ete-

197 1165 266 1226 nim
301 1163 361 1225 lroc
397 1163 549 1225 orationis
588 1163 756 1227 artificium
792 1183 858 1227 non
895 1168 1036 1226 oratores
1073 1163 1167 1226 modo
1202 1164 1258 1226 sed

194 1275 367 1355 scriptores
392 1273 486 1334 etiam
521 1293 539 1334 a
562 1274 663 1354 poetis
698 1278 862 1336 mutuatos
885 1275 919 1335 in
944 1293 1039 1336 suum
1064 1274 1259 1337 convertisse

196 1402 303 1464 usum,
337 1400 425 1444 nune
447 1382 531 1443 inter
555 1400 666 1445 omnes
699 1383 766 1446 fere
801 1383 928 1446 abunde
964 1388 1055 1446 const
1076 1382 1129 1465 tl)
1186 1382 1258 1446 Non

197 1494 298 1575 igitur
321 1493 448 1572 mirum,
472 1493 499 1553 si
512 1490 683 1572 Velleium,
707 1498 817 1574 utpote
840 1494 900 1575 qui
924 1494 1061 1555 nimium
1075 1492 1259 1574 diligentiae

194 1602 371 1664 contulerit
393 1599 432 1662 ad
457 1602 632 1664 sententias
667 1603 754 1663 omni
777 1604 898 1664 ratione
922 1601 1117 1665 condiendas
1141 1619 1258 1663 acuen-

199 1711 329 1792 dasque,
353 1710 585 1772 allitterationis
610 1717 834 1774 ornamentum
859 1715 890 1774 et
915 1712 979 1772 vim
997 1711 1129 1772 minime
1152 1728 1258 1792 asper·

198 1827 310 1883 natum
335 1837 406 1881 esse
429 1818 625 1901 suspicabar.
683 1821 805 1884 Verum
842 1827 935 1883 antea
970 1840 1067 1903 quam
1103 1820 1258 1902 exemplis

199 1949 287 2013 spem
313 1947 363 1991 me
387 1946 451 1989 non
477 1928 626 1992 fefellisse
651 1931 875 2009 demonstrem,
906 1929 1045 1993 breuiter
1077 1935 1108 1991 et
1129 1931 1164 1991 in
1189 1930 1260 1991 uni-

199 2059 330 2103 versum
356 2038 585 2119 disputandum
610 2044 687 2120 puto
712 2038 750 2100 de
774 2038 942 2120 limitibus,
967 2039 1085 2122 quibus
1109 2040 1261 2102 allittera-

197 2151 295 2212 tionis
331 2149 468 2229 eiusque
505 2146 544 2209 de
584 2149 746 2229 scriptoris
762 2175 763 2178 ¹
781 2149 942 2212 industria
977 2147 1104 2212 effectae
1140 2149 1259 2230 agnitio

200 2256 491 2322 circumscribatur.
539 2254 733 2339 Quicunque
770 2260 854 2321 enim
885 2259 923 2320 de
948 2258 1172 2320 allitteratione
1196 2276 1261 2320 ser-

200 2370 304 2431 monis
328 2367 419 2429 latini
444 2366 668 2448 disputaturus
704 2372 760 2448 est,
791 2370 823 2430 in
860 2387 897 2431 ea
933 2369 1042 2430 haeret
1066 2366 1262 2446 difficultate,

201 2478 287 2562 quod
312 2496 371 2539 nee
402 2477 436 2538 in
473 2474 657 2538 definitione
692 2476 791 2539 huius
818 2479 1044 2555 consonantiae
1079 2478 1140 2538 viri
1178 2477 1262 2539 docti

199 2589 295 2670 plane
319 2587 528 2649 consentiunt
562 2604 623 2647 nec
657 2605 788 2648 normae
824 2589 939 2670 utique
974 2592 1080 2650 certae
1109 2587 1263 2649 constitui

200 2701 336 2780 possunt
360 2696 566 2773 diiudicandi
602 2695 720 2778 quibus
748 2694 827 2758 locis
851 2696 1032 2759 allitteratio
1056 2696 1188 2759 fortuita
1212 2697 1262 2777 sit,
1350 2778 1354 2787 .

196 2806 323 2890 *quibus
336 2806 499 2887 scriptoris
512 2806 646 2867 consilio
660 2802 874 2885 tribuenda2)
919 2804 1091 2887 Equidem,
1107 2809 1145 2868 ut
1160 2804 1262 2868 tribus

200 2915 308 2978 verbis
332 2915 413 2998 quid
448 2915 507 2977 hac
535 2916 572 2978 de
596 2935 630 2978 re
653 2915 793 2977 iudicem
819 2913 1020 2996 complectar,
1055 2913 1190 2976 Ebrardi
1215 2933 1263 2976 se-

202 3044 284 3107 quor
307 3021 537 3110 sententiam),
573 3028 629 3107 qui
664 3043 739 3086 cum
774 3025 900 3106 primus
929 3025 1083 3086 sescentis
1107 3024 1263 3106 exemplis

309 3237 333 3306 1)
352 3237 429 3290 Viros
447 3237 548 3301 doctos,
577 3236 622 3302 qui
649 3236 683 3288 ad
709 3233 908 3288 allitterationis
929 3250 1055 3287 romanae
1073 3233 1254 3302 cognitionem

200 3331 406 3401 promovendam
434 3329 492 3396 plus
519 3327 639 3380 minusve
667 3327 843 3388 contulerunt,
871 3324 957 3378 Julius
984 3325 1064 3379 Bintz
1092 3325 1258 3380 enumeravit

201 3425 229 3477 in
258 3420 482 3477 commentatione
510 3418 609 3472 Philol.
638 3417 772 3488 (a.1885)
801 3417 854 3471 rol.
874 3416 910 3469 44
933 3434 958 3485 p.
988 3416 1130 3470 aea-278
1158 3417 1260 3472 inserta

201 3517 243 3569 cui
261 3514 408 3582 inscripsit:
427 3506 563 3579 ‘Beitr'a'ge
583 3527 643 3563 zum
663 3508 803 3564 Gabranch
822 3510 869 3561 der
881 3507 970 3562 Allitt.
990 3508 1033 3562 bei
1052 3509 1103 3562 den
1120 3514 1187 3564 rom.
1200 3509 1265 3563 Pro·

201 3606 323 3660 saikern.'
360 3605 410 3657 His
435 3602 515 3656 velim
543 3602 626 3655 addas
654 3601 683 3656 L.
702 3600 888 3654 Buchholdum
913 3600 964 3668 (De
988 3614 1190 3666 paromoeoseos
1210 3602 1265 3670 (ad-

200 3696 383 3764 litterationis)
403 3695 473 3764 apud
491 3697 594 3748 veteres
612 3694 794 3747 Romanorum
812 3694 907 3760 poetas
926 3707 983 3748 usu.
1001 3691 1071 3745 Diss.
1086 3691 1158 3759 Lips.
1176 3690 1265 3759 1883),

202 3787 230 3843 C.
250 3786 449 3841 Boettichernm
469 3787 518 3854 (De
537 3786 736 3840 allitterationis
756 3784 827 3852 apud
844 3782 979 3836 Romanos
997 3782 1024 3834 vi
1048 3787 1074 3836 et
1101 3798 1158 3838 usu.
1195 3781 1265 3836 Dies.

202 3879 289 3933 Berol.
310 3877 407 3946 1884),
424 3879 486 3935 Joh.
506 3878 633 3932 Baskium
653 3878 703 3946 (De
723 3874 920 3931 allitterationis
939 3891 989 3927 usu
1007 3873 1133 3927 Plautino
1153 3873 1175 3926 Ι.
1195 3873 1264 3927 Diss.

202 3970 307 4038 Regim.
328 3969 415 4038 1884.)

310 4060 336 4127 2)
356 4059 396 4115 Cf.
415 4062 570 4117 Bootticher
589 4062 605 4115 l.
626 4061 643 4117 l.
663 4077 688 4128 p.
708 4059 733 4113 2.

310 4145 1264 4224 3)W.Ebrard,dieAllitt.inderlat.SprPrognssayrouth1882p3-8.
