2782 4642
675 333 716 393 54

196 505 304 560 lineolis
322 505 331 576 ll
349 505 358 576 ll
377 507 466 575 saepsi
496 506 584 572 verba,
613 523 682 575 quae
710 505 837 560 Halmius
863 509 909 561 aut
927 508 959 561 de
978 522 1027 560 sua
1046 509 1092 560 aut
1110 506 1224 561 aliorum

320 598 352 651 de
372 598 532 652 coniecturis
549 598 579 652 in
597 599 675 650 textu
694 613 774 666 quem
793 603 891 652 vocant
909 597 1048 666 expressit.

197 689 304 743 uncinis
323 689 351 758 [l
370 689 471 765 inclusi¹
486 689 577 755 verba,
601 705 669 757 quae
696 688 794 742 vellem
813 689 937 743 Halmius
955 689 1053 743 veteris
1072 689 1219 757 scripturae

315 781 440 851 vestigiis
458 781 586 834 insistens
607 780 770 834 retinuisset.

402 997 423 1064 Ι.
447 995 610 1063 vocabula
633 1011 654 1060 a
676 994 793 1064 Velleio
817 994 975 1077 novatae)

160 1131 392 1222 llodloortotosll:
416 1138 576 1220 principes
599 1135 662 1196 viri
685 1183 691 1196 .
716 1183 722 1196 .
747 1183 753 1196 .
777 1133 947 1198 adhortatu
964 1133 1166 1219 (adhortator
1180 1134 1222 1220 A)

249 1247 403 1328 principis
428 1246 467 1309 ad
492 1245 668 1309 ornandam
702 1243 817 1306 urbem
841 1245 950 1307 inlecti
974 1252 1050 1308 sunt
1072 1246 1106 1308 Π
1129 1248 1180 1328 89,
1194 1249 1224 1310 4.

160 1354 354 1417 admirator:
391 1354 496 1439 Scipio
531 1355 712 1418 liberalium
747 1353 1126 1438 studiorum'omnisque
1155 1356 1225 1418 doc·

232 1464 334 1527 trinae
358 1447 401 1527 'ct
435 1471 546 1528 auctor
581 1469 612 1527 et
646 1463 818 1526 admirator
840 1463 856 1524 I
881 1466 968 1544 13,3.
1011 1501 1050 1508 -
1090 1464 1226 1530 Phaedr.

226 1571 275 1634 l'V
300 1574 413 1654 22,21.
437 1573 471 1639 L.
496 1572 608 1638 Muell.

162 1682 378 1746 *cumulandos
402 1681 461 1745 ‘est
485 1683 631 1747 caeruleo
656 1683 770 1758 colore,
792 1683 848 1764 qui
872 1683 1005 1746 deorum
1028 1686 1227 1746 marinorum

233 1798 301 1871 est,
336 1780 505 1856 obductus’
543 1789 700 1876 (Krane.):
735 1790 971 1854 Plancus...
1007 1812 1080 1856 cum
1118 1812 1226 1856 caeru-

232 1900 335 1964 leatus
360 1949 366 1962 .
392 1951 398 1964 .
427 1951 433 1963 .
459 1901 618 1963 Glaucum
643 1901 791 1963 saltasset
814 1899 848 1962 Il
872 1902 962 1980 83,2.

162 2009 329 2072 celsitudo:
355 2011 484 2072 iuvenis
502 2029 627 2092 genere,
650 2011 762 2086 forma,
780 2010 972 2074 celsitudine
988 2013 1128 2094 corporis
1152 2061 1159 2075 .
1185 2061 1192 2075 .
1218 2062 1225 2077 .

230 2119 504 2181 instructissimus
527 2118 561 2180 II
586 2121 674 2198 94,2.

160 2226 472 2310 *ciroromoooo'qorez
497 2229 617 2309 classis,
641 2248 723 2311 quae
748 2227 866 2292 Oceani
895 2231 1229 2314 circumnavigaverat

230 2338 323 2400 sinus
346 2336 380 2399 ΙΙ
406 2338 515 2419 106‚3.

161 2443 343 2532 llcioo'lo‘tosll
366 2448 510 2510 animum
535 2467 720 2532 moremque
752 2449 879 2512 civilem
912 2449 1082 2532 significatt
1107 2458 1229 2533 quanto
1290 2531 1292 2537 7

228 2576 301 2619 cum
344 2562 593 2640 temperamento
627 2559 724 2620 simul
756 2559 916 2622 civilitatis
949 2559 1114 2642 (utilitatis
1148 2560 1227 2644 ΑΡ)

235 2684 288 2729 res
312 2668 500 2729 anctoritate
522 2667 726 2750 imperatoria
748 2668 846 2750 gessit-
866 2666 900 2728 Il
925 2668 1033 2748 111‚4.

162 2775 400 2839 corasommntio
415 2776 467 2859 (cf.
480 2778 510 2836 4.
524 2773 777 2858 consummem:
804 2779 1082 2841 consummatione
1099 2785 1229 2843 evectae

229 2887 262 2946 in
285 2886 475 2948 altissimum
501 2891 735 2968 paternumque
764 2885 925 2969 fastigium
950 2888 1102 2969 imaginis
1126 2869 1228 2952 defcc-

228 3001 283 3058 tus
307 3003 355 3058 est
377 2993 411 3056 Π
439 2995 511 3070 116,
523 2997 554 3059 4.

164 3104 381 3168 coooercotr'o:
405 3122 466 3165 nec
491 3102 591 3165 defuit
615 3106 812 3167 conversatio
846 3105 1012 3170 hominum
1049 3108 1125 3169 vitia
1143 3109 1229 3173 eius

230 3213 451 3276 adsentatione
475 3212 629 3274 alentium
654 3212 686 3274 ll
705 3212 777 3294 102,
789 3215 816 3276 3.
829 3251 872 3258 —
886 3213 945 3277 ‘Ne
970 3218 1043 3298 quis
1069 3215 1228 3280 Velleium

232 3341 310 3385 voce
334 3320 530 3385 concursatio
554 3340 636 3384 nove
659 3342 755 3385 nsum
781 3323 873 3404 dicat,
896 3326 985 3402 sciat,
1017 3324 1107 3388 illam
1134 3345 1228 3390 usur-

229 3433 299 3514 pari
335 3451 353 3492 a
387 3430 489 3512 Trogo
512 3429 664 3494 XXXIX
695 3434 721 3496 1.
748 3431 793 3516 (3)
816 3433 923 3496 XLIV
948 3437 969 3496 4
994 3433 1053 3519 (8).
1078 3435 1146 3498 Nec
1170 3443 1228 3519 est,

229 3541 315 3624 quod
339 3539 465 3603 Iustino
489 3542 596 3623 potius
621 3561 717 3624 quam
742 3542 844 3625 Trogo
870 3544 928 3606 hoc
952 3543 1146 3607 vocabulum
1168 3548 1226 3608 tri-

269 3786 294 3854 1)
314 3785 412 3840 Contra
432 3786 565 3842 Ciceronis
589 3752 780 3855 definitiorlem,
800 3805 880 3857 quam
909 3791 941 3843 de
971 3793 1039 3844 orat.
1057 3790 1099 3844 ΙΙΙ
1117 3789 1225 3856 aelel.

159 3877 292 3946 legimus:
312 3882 450 3934 ‘novantur
469 3883 558 3934 autem
577 3880 666 3947 verba,
687 3896 754 3948 quae
773 3881 806 3934 ab
827 3897 857 3934 eo
878 3883 923 3950 qui
940 3881 1013 3949 dicit,
1032 3882 1091 3952 ipso
1110 3881 1226 3950 gignun-

161 3971 206 4023 tur
225 3985 255 4023 ac
276 3969 362 4037 fiunt',
383 3972 506 4040 equidem
524 3987 636 4026 novasse
655 3988 760 4040 semper
777 3972 906 4026 Nostrum
924 3973 982 4026 dico
1003 3990 1040 4037 ea,
1066 3989 1135 4043 qnae
1153 3974 1226 4042 apud

160 4061 354 4130 cumprimum
376 4064 555 4118 inveniuntur.

265 4152 375 4207 Stellula
394 4153 501 4209 *addita
519 4154 628 4208 vocibus
646 4153 735 4222 signif.
755 4151 826 4217 ἅπαξ
842 4159 987 4226 εἰρημένον.
