2782 4642
668 336 686 396 9

138 519 220 578 stros
242 515 277 577 in
301 513 437 597 singulis
459 512 524 576 fere
552 513 678 595 paginis
702 513 847 575 omnium
876 513 1063 575 acuminum
1099 505 1202 576 abun·

140 625 248 686 dantia
283 623 444 686 satiandos
486 623 563 684 satis
606 622 661 683 otii
700 620 800 685 fuisse
840 622 1009 697 videmus,
1049 624 1202 704 temporis

68 798 70 802 ,
132 735 298 816 angustiis
323 732 499 814 quominus
528 728 703 794 orationem
739 736 810 812 apte
843 733 981 794 variaret
1010 729 1201 813 impeditum

137 863 209 908 esse
232 860 363 926 prorsus
386 839 573 902 incredibile
597 846 655 905 est.

246 949 371 1013 Deinde
402 954 519 1031 autem,
554 950 640 1032 quod
676 950 760 1014 idem
785 950 881 1031 addit,
908 948 1070 1012 Velleium
1096 949 1203 1014 ‘celeri

139 1059 272 1123 calamo’
302 1059 501 1123 scribentem
535 1078 767 1141 saepenumero
791 1060 832 1122 ad
854 1059 1012 1122 sermonis
1036 1059 1221 1131 familiaris

139 1169 374 1253 neglegentiam
419 1169 579 1250 accedere,
625 1187 830 1252 nequaquam
876 1168 999 1250 dubito,
1045 1170 1123 1250 quin
1163 1168 1202 1231 de

138 1280 280 1342 maxima
324 1283 414 1362 parte
460 1278 620 1341 eiusmodi
665 1278 821 1355 locorum,
868 1297 949 1361 quos
993 1278 1028 1340 in
1073 1277 1200 1361 Proleg.

136 1409 169 1471 p.
192 1387 321 1450 LXXH
345 1409 413 1470 sqq.
438 1386 623 1471 congessit¹)
648 1394 679 1451 et
703 1407 784 1471 quos
806 1389 840 1449 in
864 1389 1058 1451 immensum
1084 1407 1202 1470 augere

136 1499 228 1562 facile
252 1506 310 1579 est,
331 1499 426 1580 longe
450 1515 545 1560 secus
568 1497 779 1560 iudicandum
803 1498 853 1560 sit.
887 1495 979 1571 Quod
996 1517 1059 1579 quo
1075 1497 1201 1560 facilius

135 1609 356 1691 perspiciatur,
385 1626 425 1669 ex
456 1626 573 1688 magna
597 1606 819 1688 exemplorum
844 1607 935 1688 copia
957 1599 1115 1669 nonnulla
1138 1607 1202 1670 huc

136 1718 346 1798 transscripta
370 1720 443 1778 ante
466 1715 595 1778 lectorIs
620 1715 729 1778 oculos
753 1734 942 1798 proponam:
966 1713 1015 1777 Ne
1039 1714 1077 1777 ab
1101 1715 1202 1778 buius

59 1811 61 1816 ⁵
135 1826 269 1907 quidem
292 1845 394 1888 usura
417 1824 536 1908 gloriae
558 1826 747 1906 temperavit
770 1827 913 1887 animum
930 1823 964 1886 II
981 1826 1032 1906 34,
1045 1826 1073 1886 2.
1097 1824 1202 1888 Mum-

136 1935 221 1998 mius
246 1982 253 1997 .
279 1986 285 1998 .
313 1983 321 1998 .
346 1955 419 1998 cum
436 1934 847 2018 meretricorum-artificum
870 1934 1025 2017 perfectas
1047 1935 1202 1999 monibus

135 2043 263 2107 tabulas
287 2093 293 2105 .
318 2091 326 2108 .
352 2093 358 2107 .
381 2047 415 2107 in
439 2045 567 2107 Italiam
591 2044 763 2127 portandas
786 2043 907 2107 locaret
929 2045 945 2106 Ι
967 2046 1016 2125 13,
1028 2046 1058 2106 4.
1104 2044 1198 2108 Acci-

133 2159 223 2216 derat
244 2173 361 2237 gerens
392 2157 503 2215 contra
526 2152 718 2237 Pompeium
741 2153 863 2216 bellum
886 2174 923 2216 eac
946 2153 1061 2236 Africa
1085 2155 1202 2219 Caesar

135 2263 297 2347 Lepidam
321 2263 356 2326 Π
379 2264 472 2344 80,1.
519 2263 592 2326 Non
630 2283 712 2346 opus
746 2270 803 2342 est,
838 2262 988 2345 pluribus
1023 2265 1199 2341 ostendere,

135 2388 194 2432 cur
227 2370 414 2435 abhorream
450 2371 607 2436 aKritnii
641 2373 771 2435 iudicio.
819 2372 1091 2436 Consuetudinem
1116 2376 1201 2436 enim

135 2477 324 2544 familiarem
349 2483 384 2543 in
408 2500 445 2545 eo
470 2483 557 2544 cerni
580 2501 682 2564 posse,
706 2483 793 2564 quod
809 2481 908 2543 verba
929 2501 1026 2544 sensu
1043 2484 1201 2546 artissime

136 2589 338 2652 cohaerentia
375 2610 439 2653 uno
475 2597 530 2653 aut
558 2590 706 2672 plurIbus
731 2592 925 2673 interpositis
949 2591 1139 2654 insolentius
1163 2610 1201 2654 ae

135 2699 248 2760 durius
273 2698 536 2781 disiungantur,2)
574 2701 647 2782 quis
682 2705 730 2762 est
757 2702 835 2783 quin
859 2701 1034 2784 praefracte
1057 2697 1202 2786 negetl3)

134 2804 296 2887 Equidem
319 2809 416 2871 huius
439 2810 611 2872 inusitatae
632 2809 805 2872 verborum
830 2810 1046 2874 collocationis
1070 2830 1198 2873 causam

136 2933 202 2976 non
237 2934 278 2977 ex
312 2915 516 2979 festmatibne
544 2924 600 2980 aut
628 2920 785 2982 sermonis
807 2919 976 2983 familiaris
998 2921 1200 3004 neglegentia

135 3032 252 3108 repeto,
287 3026 342 3089 sed
376 3045 417 3089 cx
453 3029 605 3090 novitatis
634 3030 693 3091 isto
719 3030 856 3111 aucupio
879 3035 944 3092 tam
970 3029 1074 3093 Vellei
1096 3032 1200 3113 ipsius

134 3153 231 3215 quam
267 3137 366 3198 totIus
401 3137 511 3199 aetatis
545 3139 681 3220 proprio.
732 3137 848 3202 Dedita
882 3158 958 3202 vero
993 3159 1098 3222 opera,
1134 3158 1200 3201 non

133 3242 265 3307 fortuito
290 3264 349 3308 nec
373 3265 414 3308 ex
439 3246 530 3308 solito
555 3249 713 3310 sermonis
737 3247 902 3312 familiaris
925 3268 1014 3313 more
1037 3248 1200 3312 Velleium

134 3374 151 3415 a
176 3355 303 3437 vulgari
326 3354 497 3418 verborum
523 3357 634 3420 ordine
658 3359 837 3434 recessisse,
872 3378 935 3421 uno
959 3360 1037 3439 loce,
1072 3359 1125 3439 qui
1152 3364 1199 3420 est

133 3462 168 3524 ΙΙ
193 3465 311 3544 100,1:
349 3463 467 3529 ‘Sensit
501 3473 659 3530 terrarum
695 3466 780 3553 orbis
810 3468 990 3549 digressum
1014 3487 1033 3528 a
1056 3466 1199 3530 custodio

132 3610 346 3618 ———

239 3703 265 3771 1)
285 3702 324 3756 Cf,
354 3720 458 3772 quoque
479 3703 575 3758 Kritzii
603 3704 718 3758 indicem
749 3705 777 3758 in
796 3707 887 3758 annot.
906 3721 932 3759 v,
950 3703 1041 3771 scr-mil.
1060 3702 1197 3756 sermonis

131 3792 280 3859 oeplepentr?
300 3836 304 3846 .

216 3875 219 3881 ’
239 3884 265 3952 2)
284 3884 381 3939 Kritzii
399 3886 505 3956 Proleg.
525 3904 550 3954 p.
571 3887 693 3941 LXXIII.

238 3979 265 4045 3)
286 3975 313 4030 C.
333 3976 470 4047 deOppen
489 3979 505 4032 l.
519 3994 540 4034 c.
561 3996 587 4046 p,
600 3979 633 4031 19
653 3983 680 4032 et
692 3978 768 4034 Felix
786 3978 803 4030 l.
823 3994 844 4032 c.
865 3995 889 4045 p.
900 3979 935 4032 23
954 3983 1047 4033 contra
1065 3980 1197 4034 Kritzium

132 4067 308 4133 consentiunt,
328 4069 479 4124 liberiorem
498 4070 573 4122 illum
589 4070 735 4124 »verborum
754 4069 873 4123 ordinem
893 4074 1032 4138 poetarum
1051 4072 1199 4126 imitationi

131 4154 300 4211 tribuendum
320 4175 384 4215 esse.
