2782 4642
660 317 702 378 49

150 500 182 560 et
203 497 272 578 ipsa
290 514 346 558 res
369 498 488 572 monet,
523 497 559 555 ut
593 492 743 555 accedam
766 491 934 572 advoces,
966 511 1047 573 quas
1069 491 1215 555 Velleius

95 591 96 594 ¹
150 614 181 668 ct
204 625 268 688 qua
291 602 525 687 significatione
548 603 762 684 usurpaverit,
785 601 1034 683 perlustrandas.

183 801 219 881 ΙΙ.
255 801 362 880 lodex
389 771 645 880 vocabulorum
676 801 712 880 ot
740 799 954 880 locutionum
981 799 1101 878 forma
1127 799 1183 880 rol
1259 823 1261 827 ’

453 927 595 1007 notione
625 927 918 1006 memorabilium.

257 1051 331 1115 Non
369 1055 517 1118 ultimum
551 1071 681 1117 necesse
706 1058 753 1116 est
776 1054 916 1117 obtineat
938 1051 1046 1114 locum
1071 1052 1215 1135 quaestio

152 1161 191 1224 de
226 1162 457 1226 vocabulorum
494 1165 599 1246 copia,
635 1163 787 1226 orationis
824 1163 1033 1226 fundamento
1067 1164 1216 1225 instituta

151 1289 224 1333 oum
247 1272 282 1333 in
318 1272 491 1335 cuiuslibet
523 1273 695 1354 scriptoris,
729 1279 798 1334 tum
833 1274 867 1334 in
891 1272 996 1336 Vellei
1024 1271 1217 1335 illustranda

149 1379 313 1458 latinitate,
348 1386 459 1464 utpote
495 1384 552 1464 qui
575 1384 698 1463 primus
722 1386 890 1464 argenteae
914 1382 1026 1444 aetatis
1050 1383 1217 1442 auctorum

149 1525 192 1534 -
228 1508 367 1570 quorum
404 1492 534 1572 quidem
569 1491 686 1571 scripta
721 1489 761 1551 ad
793 1509 852 1552 nos
885 1491 1093 1571 pervenerint
1116 1523 1158 1532 ——
1181 1488 1216 1548 iu

147 1596 316 1680 publicum
341 1598 463 1662 dederit
481 1599 600 1662 librum
614 1618 720 1662 suum.
768 1598 878 1680 Atque
889 1597 1030 1681 protecto
1042 1597 1214 1673 Velleium,

152 1707 238 1789 quod
274 1708 388 1769 attinet
419 1708 457 1769 ad
493 1727 588 1771 voces
622 1708 709 1790 ipsas
743 1707 862 1789 easque
896 1706 1115 1790 usurpandas,
1150 1723 1215 1766 non

150 1815 298 1898 paullum
323 1815 362 1878 ab
387 1818 580 1898 optimorum
605 1819 798 1899 scriptorum
831 1835 892 1880 usu
916 1815 1074 1898 recedere,
1108 1815 1215 1878 statim

151 1943 333 2006 cognosces.

259 2032 346 2108 Quae
382 2041 489 2098 tamen
524 2037 603 2098 mihi
637 2040 704 2098 erat
726 2036 806 2098 ratic
829 2035 1028 2098 instituenda
1051 2036 1085 2097 in
1110 2034 1215 2118 dispo-

153 2143 258 2205 nendo
283 2150 315 2206 et
337 2143 516 2207 ordinando
540 2145 600 2207 hoc
623 2144 729 2207 iudice
750 2144 923 2207 verborum
947 2144 1122 2207 formavel
1159 2163 1216 2206 no-

149 2253 235 2316 tione
259 2243 541 2317 memorabilium?
586 2253 685 2316 Nolui
709 2256 797 2318 enim
820 2273 877 2337 per
904 2256 1011 2316 omnia
1033 2254 1213 2316 litterarum

150 2363 295 2427 ordinem
319 2365 423 2446 sequi,
458 2365 515 2446 qui
550 2383 620 2427 eam
653 2363 858 2445 potissimum
894 2362 1024 2425 obrem
1049 2362 1128 2423 mibi
1152 2361 1215 2423 dis·

149 2473 272 2554 plicuit,
308 2473 394 2556 quod
429 2471 583 2535 scribenti
605 2473 857 2555 ingratissimam
880 2473 1017 2554 imponit
1043 2471 1216 2533 necessita-

150 2587 216 2642 tem
250 2582 378 2645 easdem
412 2582 593 2644 locutiones
627 2583 745 2644 iterum
777 2587 874 2665 atque
902 2583 1020 2644 iterum
1043 2579 1216 2661 repetendi.

152 2687 267 2771 Neque
292 2692 395 2752 satius
415 2689 510 2772 duxi,
532 2690 671 2774 singulis
694 2692 847 2754 orationis
881 2689 1025 2772 partibus
1059 2689 1217 2772 separatis

113 2814 115 2818 ⁴
154 2799 208 2857 aut
231 2796 411 2861 litterarum
436 2800 548 2864 ordine
570 2801 679 2864 verba·
693 2801 837 2884 digerere
861 2805 917 2862 aut
940 2800 1084 2862 eiusdem
1108 2800 1216 2862 termi-

136 2905 293 2974 nationis
317 2926 413 2971 voces
437 2927 640 2992 componere3
665 2916 802 2992 utraque
826 2910 912 2971 enim
937 2910 1016 2971 ratio
1040 2909 1151 2972 eadem
1176 2909 1216 2970 de

153 3031 250 3077 causa
273 3036 336 3097 qua
358 3018 461 3099 prima
484 3016 648 3100 dispositio
672 3021 750 3082 mihi
774 3038 838 3082 non
861 3017 1029 3101 probatur,
1053 3023 1215 3100 praeterea

153 3131 260 3186 autem
280 3127 407 3190 minuta
430 3125 485 3189 illa
507 3129 604 3193 nimis
627 3130 802 3192 multarum
825 3129 1055 3211 particularum
1090 3147 1215 3209 separa-

152 3233 239 3296 tione
272 3236 454 3319 impeditur,
490 3257 553 3320 quo
588 3241 698 3302 minus
729 3240 763 3300 in
798 3258 864 3301 uno
900 3257 1002 3320 ecque
1028 3236 1116 3299 facili
1139 3255 1216 3298 con-

151 3349 262 3424 spectu
286 3345 462 3410 collocetur
483 3348 656 3411 verborum
680 3347 771 3428 copia
793 3353 825 3410 et
848 3348 1023 3430 usurpatio.

258 3453 322 3518 Sed
355 3458 420 3519 iam
455 3459 532 3520 satis
567 3460 701 3537 constat,
735 3457 819 3520 inter
853 3476 968 3520 aureae
992 3460 1023 3519 et
1046 3459 1215 3537 argenteae

151 3565 263 3626 aetatis
288 3567 524 3648 scriptores-
548 3567 576 3628 si
601 3566 785 3630 discesseris
808 3587 827 3629 a
848 3566 1022 3629 verborum
1051 3567 1215 3626 construc-

150 3673 246 3753 tione,
268 3710 312 3719 —
335 3675 392 3738 has
414 3677 450 3737 in
472 3676 584 3757 primis
601 3676 707 3739 valere
723 3677 964 3758 discrepantias:
990 3672 1111 3735 multae
1127 3673 1213 3755 apud

153 3788 320 3865 argenteae
344 3786 455 3847 aetatis
480 3776 607 3848 exstant
629 3803 733 3864 voces,
769 3804 850 3866 quae
883 3785 967 3868 apud
1002 3783 1123 3865 priores
1147 3801 1214 3845 om-

151 3892 228 3954 uino
263 3912 328 3955 nen
358 3895 582 3975 inveniuntur,
613 3895 732 3957 multae
756 3894 878 3976 deinde,
914 3913 996 3976 quas
1031 3893 1093 3955 alia
1115 3897 1213 3974 atque

150 3998 199 4064 illi
221 4001 452 4085 significatione
478 4007 725 4085 usurpaverunt,
760 4003 881 4065 multae
904 4003 1043 4086 denique
1067 4020 1084 4065 e
1107 4005 1213 4084 poeta·

150 4130 223 4175 rum
248 4130 394 4175 sermone
422 4112 635 4194 depromptae.
682 4111 751 4173 lam
779 4112 862 4175 hanc
884 4112 1086 4194 partitionem
1120 4116 1212 4173 natu-

992 4230 1010 4280 4
