2782 4642
666 277 705 340 73

155 454 325 538 Augustus
348 455 412 537 adj.
438 454 478 518 ab
501 456 733 538 imperatorum
758 456 948 539 cognomine
972 457 1059 539 quod
1084 462 1132 521 est
1155 457 1224 522 Au-

219 568 336 647 gustus
354 564 549 627 derivatum:
574 583 640 648 pax
653 565 802 647 Augusta
826 567 931 630 omnis
955 570 1111 630 terrarum
1137 568 1223 632 orbis

223 673 362 756 angulos
398 693 416 734 a
450 672 694 749 latrociniorum
729 679 817 738 metu
852 679 960 739 servat
994 677 1156 740 immunes
1190 677 1225 740 II

227 783 300 863 126,
313 767 344 846 3ss
391 779 450 847 Or.
475 782 567 845 Pont.
592 783 626 846 Π
653 783 750 864 5,17:
776 783 842 846 Vix
866 785 926 847 hac
948 785 1095 848 invenies
1111 790 1224 866 totum,

226 891 432 973 mihicrede,
465 909 522 973 per
556 892 675 974 orbem,
712 891 800 967 Quae
835 893 945 956 minus
975 892 1124 975 Augusta
1146 915 1224 978 pace

226 999 354 1064 fruatur
376 1000 503 1079 humus

159 1107 355 1195 †auapr'ciu
377 1128 434 1192 per
456 1111 568 1174 transl.
592 1111 612 1173 i.
637 1129 660 1172 s.
686 1131 715 1193 q.
740 1111 936 1194 imperium:
963 1115 1034 1176 eius
1052 1113 1151 1175 ductu
1168 1132 1225 1175 au-

226 1219 399 1301 spiciisque
422 1218 580 1283 infractae
613 1220 764 1303 (Galliae)
787 1220 822 1283 ΙΙ
847 1222 937 1300 39‚1.
971 1241 1144 1305 oppressus
1168 1242 1226 1285 au·

224 1329 333 1411 spiciis
356 1328 568 1412 Pompei...
592 1328 794 1394 Mithridates
817 1329 851 1394 Π
874 1332 964 1413 40,1.
992 1331 1112 1395 bellum
1138 1331 1225 1394 Afri·

226 1457 301 1501 cum
325 1487 334 1502 .
359 1487 368 1504 .
393 1486 401 1500 .
425 1439 577 1520 auspiciis
613 1439 823 1521 consiliisque
858 1441 927 1503 eius
957 1489 964 1502 .
994 1490 1000 1504 .
1026 1490 1033 1503 .
1062 1441 1225 1524 sepultum

226 1555 274 1610 est
296 1547 329 1610 Il
358 1548 471 1628 laad.
496 1583 541 1592 —-
564 1545 632 1609 Liv.
649 1546 732 1609 VIII
756 1548 852 1630 31‚1:
878 1549 971 1611 cuius
995 1549 1096 1614 ductu
1119 1552 1226 1633 auspi·

226 1658 354 1738 dicque.

160 1769 333 1827 aritamare
354 1765 376 1826 i.
403 1784 433 1846 q.
457 1764 570 1828 dicore:
599 1764 705 1828 Elissa
728 1763 831 1845 Tyria,
865 1785 961 1848 quam
987 1767 1118 1850 quidam
1142 1767 1226 1830 Dido

229 1879 400 1937 autumant
424 1872 440 1935 I
465 1874 533 1954 6‚4.
557 1908 599 1922 -
626 1872 692 1938 (lat.
710 1875 801 1952 442,
847 1873 927 1938 Hor.
952 1875 984 1940 S.
1010 1874 1044 1938 ΙΙ
1069 1877 1097 1951 3,
1108 1876 1160 1940 45.
1183 1911 1226 1921 -

228 1982 267 2044 In
296 2001 403 2047 errore
432 1988 541 2047 autem
574 1988 723 2047 versatur
759 1982 899 2066 Georges
928 2005 958 2068 p.
983 1982 1021 2047 41
1049 1986 1094 2048 ita
1118 1986 1227 2068 dispu-

228 2098 316 2155 tans:
354 2091 537 2156 ‘autumare
570 2112 636 2156 non
671 2093 774 2156 solum
810 2112 868 2176 pro
896 2094 1076 2174 aestimare,
1105 2115 1229 2158 carcere

179 2286 182 2291 .
228 2200 353 2282 dicitur,
378 2222 442 2285 qua
466 2202 698 2286 significatione
723 2208 829 2265 exstat
841 2204 928 2287 apud
941 2203 1095 2267 Plautum
1112 2203 1227 2266 Teren-

224 2311 372 2393 tiumque
395 2314 468 2375 etc!
515 2310 618 2374 Immo
633 2312 803 2394 diligenter
815 2312 925 2375 Plauti
949 2312 1132 2374 comoedias
1156 2331 1227 2394 per-

227 2424 390 2484 scrutatus
425 2422 617 2486 contendere
655 2423 774 2502 ausim,
809 2439 851 2482 ex
891 2420 1002 2482 multis
1035 2419 1100 2482 illis
1134 2419 1224 2498 locis,

229 2528 347 2611 quibus
370 2531 431 2593 hoc
454 2528 591 2593 verbum
624 2530 743 2611 legitur
779 2547 925 2611 quosque
959 2528 1012 2590 hio
1036 2547 1227 2591 enumerare

228 2639 429 2720 supersedeo,
441 2658 508 2702 non
521 2658 623 2702 unum
637 2638 787 2718 inveniri,
813 2657 876 2720 quo
900 2642 1074 2700 acclamare
1098 2657 1164 2700 non
1186 2657 1228 2700 ex

228 2748 365 2810 naturali
391 2767 427 2811 ac
450 2749 622 2831 priucipali
644 2749 776 2811 notione
790 2743 1224 2831 (uiturn0)interpretandum

228 2856 270 2918 sit
292 2855 472 2938 affirmare,
497 2858 606 2938 dicere,
627 2857 788 2941 profiteri,
836 2856 890 2918 Ad
905 2855 1090 2920 Terentium
1113 2856 1228 2920 deinde

229 2965 312 3046 quod
338 2967 461 3048 attinet,
496 2969 524 3029 is
558 2968 619 3030 hoc
655 2967 812 3043 vocabulo
847 2985 913 3028 non
949 2987 1029 3030 usus
1061 2971 1108 3028 est
1142 2966 1229 3048 quod

229 3074 326 3136 sciam
362 3076 425 3138 nisi
458 3075 575 3141 Heaut.
600 3097 647 3159 pr.
673 3078 729 3142 19:
765 3077 800 3139 id
835 3093 904 3139 esse
937 3075 1059 3139 factum
1086 3076 1227 3138 hicnon

228 3188 332 3265 negat,
355 3181 470 3267 Neque
493 3205 527 3249 se
550 3188 658 3269 pigere
688 3190 720 3248 et
742 3185 858 3249 deinde
881 3184 1047 3248 facturum
1071 3189 1226 3247 autumat.

159 3291 280 3355 condor
302 3295 414 3357 transl.
441 3296 480 3359 de
498 3297 607 3359 indole
619 3300 809 3378 usurpatur:
834 3296 941 3358 iustus
966 3296 1036 3357 sine
1060 3293 1228 3356 mendacio

205 3402 325 3465 candor
347 3403 380 3465 Il
407 3404 478 3483 1163
489 3405 517 3468 5.
543 3439 586 3450 -
611 3404 669 3469 Or.

159 3530 262 3594 capua
284 3512 395 3576 transl.
419 3513 525 3593 signif.
549 3520 716 3597 poetarum
751 3533 840 3578 more
876 3533 951 3577 oum
985 3531 1057 3594 gen.
1092 3510 1228 3572 coniun-

226 3619 327 3702 gitur:
364 3640 466 3706 capax
489 3630 576 3687 reota
603 3623 749 3688 discendi
776 3623 945 3706 ingenium
983 3619 1016 3682 Il
1049 3619 1100 3696 29,
1113 3619 1141 3683 5.
1166 3618 1229 3681 for-

227 3734 400 3811 tunaeque,
435 3733 468 3793 in
495 3753 590 3815 quam
615 3733 770 3814 alebatur,
805 3751 908 3814 capax
937 3728 970 3792 ΙΙ
996 3730 1086 3810 93‚l.
1121 3730 1230 3811 ipsum

227 3857 305 3902 vero
328 3839 447 3904 laboriS
471 3862 507 3905 ac
531 3842 607 3907 fidei
631 3843 878 3925 capacissimum
901 3838 935 3901 ΙΙ
961 3833 1123 3918 127,3,-
1139 3836 1230 3900 Haeo

228 3967 295 4011 vox
317 3950 351 4011 in
366 3948 509 4015 Caesaris
533 3952 624 4016 libris
649 3952 781 4014 omnino
806 3968 870 4011 non
894 3948 1021 4031 legitur,
1047 3944 1230 4011 aOicerone

230 4058 330 4120 semel
354 4065 386 4122 ct
409 4058 507 4121 absol.
534 4066 712 4144 usurpatur
736 4078 781 4122 or.
808 4058 950 4139 29,104:
987 4056 1042 4119 ‘ita
1066 4057 1232 4144 sunt'avi·
