2782 4642
723 307 763 368 32

314 478 403 542 Huic
426 481 496 544 loeo
519 448 613 543 lioeat
635 482 778 546 inserere
803 483 983 546 ablativum
1005 484 1166 566 participii
1180 503 1274 566 pree·

213 594 312 657 sentis
345 591 497 672 temporis
527 589 702 654 insolenter
735 590 916 673 formatum,
951 610 1047 675 quem
1082 593 1217 674 legimus
1240 592 1275 657 Π

216 702 311 783 19,3;
337 700 464 781 ‘magno
488 698 610 786 eiulatu
638 699 857 786 reprimente)
889 700 1164 784 indignationem'.
1212 701 1277 766 Sed

213 811 358 894 plerique
382 827 493 871 onmes
520 809 687 892 vulgarem
721 809 858 872 formam
893 819 1117 894 reposuerunt,
1151 813 1278 893 merito,

212 923 248 983 ut
270 919 435 996 videntum
471 938 547 980 nam
570 938 645 982 oum
667 926 823 1002 perpetue
847 919 951 984 Vellei
975 921 1173 984 consuetudo
1202 941 1275 1004 par-

211 1030 393 1112 ticipiorum
418 1028 596 1110 praesentis
618 1030 772 1110 temporis
792 1033 921 1092 sextum
945 1049 1056 1093 casum
1082 1030 1117 1092 in
1144 1046 1178 1096 -e
1212 1039 1277 1095 ter·
1342 1106 1345 1113 Ι

212 1139 328 1218 minat,
367 1142 436 1199 tum
473 1137 533 1199 hoo
567 1155 685 1219 genere
721 1137 930 1220 corruptelae·
956 1140 1038 1202 nihil
1072 1139 1278 1223 frequentius

213 1253 262 1312 est
284 1247 318 1308 in
342 1246 446 1309 Vellei
469 1241 563 1325 eod.²)
1295 1328 1297 1331 ᾖ

320 1356 496 1438 Vulgarem
522 1374 615 1418 usum
639 1373 704 1416 non
729 1360 859 1418 secutus
883 1357 1053 1419 nominum
1074 1359 1110 1421 in
1128 1359 1195 1424 tus
1219 1377 1277 1422 ex-

109 1498 112 1504 ·
214 1466 360 1530 euntium
387 1465 444 1528 hos
454 1463 599 1527 Velleius
622 1464 773 1526 formavit
794 1466 959 1545 genetivus
981 1463 1160 1549 pluralist3)
1183 1472 1274 1530 aeta·

214 1575 297 1639 tium
320 1574 354 1637 Π
377 1575 429 1655 89,
448 1575 476 1635 1.
513 1571 694 1636 eivitatium·
721 1571 754 1635 ΙΙ
778 1574 829 1654 42,
849 1575 878 1636 2.
925 1572 1073 1659 (Nullum
1102 1576 1166 1638 nisi
1189 1576 1279 1640 huno

214 1685 311 1748 huius
346 1684 435 1747 vocis
462 1683 620 1766 pluralem
648 1683 834 1764 genetivum
863 1684 898 1745 in
920 1681 1005 1747 Livii
1031 1683 1123 1748 libris
1148 1661 1282 1750 exstare

214 1793 305 1856 docet
328 1788 567 1875 Zumptius13§
593 1791 658 1874 66.)

320 1901 368 1966 De
403 1921 515 1965 eorum
550 1919 632 1983 quae
665 1902 698 1962 in
734 1901 820 1966 ium
853 1901 969 1984 plurali
1002 1904 1150 1984 genetivo
1187 1903 1277 1967 olou-

217 2013 342 2076 duntur
365 2011 597 2075 vocabulorum
623 2012 803 2074 accusativi
826 2011 961 2093 pluralis
984 2013 1019 2074 in
1035 2013 1079 2079 ·is
1102 2013 1153 2076 vel
1176 2015 1210 2075 in
1226 2030 1280 2079 es

216 2123 439 2186 terminatione
463 2139 528 2182 non
550 2118 652 2207 helieo
670 2121 757 2201 qued
774 2119 892 2200 dioem3
917 2122 1015 2184 immo
1032 2142 1115 2205 quae
1129 2121 1278 2184 Kritzius

217 2230 438 2295 obsoletiorem
462 2214 782 2293 Nostro³accusauvr
810 2229 944 2292 formam
969 2231 1136 2294 vindicans
1165 2228 1276 2311 dispu-

216 2338 325 2423 tavit4)
345 2346 430 2404 reete
454 2359 488 2404 se
510 2338 627 2401 habere
650 2339 728 2401 mihi
751 2336 929 2421 persuasio)

322 2451 430 2515 Huius
454 2450 540 2512 modi
563 2467 669 2539 caseus
693 2449 932 2538 terminationes
956 2454 992 2512 ut
1014 2448 1048 2510 H
1065 2449 1155 2528 37,1:
1179 2446 1279 2510 eineis

216 2559 259 2646 (A
271 2561 310 2647 P)
327 2568 358 2625 et
372 2561 405 2624 ΙΙ
430 2561 541 2642 111,4:
566 2558 723 2641 furenteis
753 2560 968 2622 recentiorum
989 2557 1094 2621 Vellei
1118 2555 1278 2620 editorum

216 2672 304 2734 solus
329 2669 468 2732 Orellius
490 2669 619 2752 recepit,
645 2670 709 2751 qui,
733 2674 770 2732 ut
792 2669 900 2751 ipsum
924 2667 1067 2730 oodioem
1086 2664 1280 2730 Murbaeen-

217 2799 295 2856 sem,
326 2779 432 2861 quoad
456 2781 526 2842 eius
548 2778 618 2842 fieri
640 2783 756 2861 posset,
785 2778 975 2858 restitueret,
1002 2778 1037 2838 in
1062 2776 1198 2859 singulis
1221 2795 1278 2837 vo-

218 2889 310 2952 eibus
334 2908 404 2952 eam
428 2887 589 2952 scribendi
616 2889 780 2969 rationem,
809 2905 891 2969 quae
920 2891 986 2948 erut
1013 2886 1047 2946 in
1071 2883 1278 2948 Amerbachii

218 3000 374 3081 exemplo,
397 2994 567 3083 retinuitssl

323 3108 392 3170 Iam
423 3127 498 3171 vero
526 3108 703 3185 videamus,
741 3125 822 3187 quas
845 3104 991 3167 Velleius
1016 3104 1278 3184 nominumypro·

219 3219 360 3300 priorum
377 3219 444 3280 sive
466 3236 655 3299 graecorum
679 3216 747 3278 sive
771 3214 978 3278 barbarorum
1002 3212 1137 3295 protulit
1159 3211 1280 3272 formas

219 3345 301 3409 quae
325 3335 356 3388 et
380 3327 491 3409 quales
516 3328 588 3389 sint.

327 3576 352 3640 1)
373 3572 539 3642 exprimenti
556 3571 579 3625 A
598 3569 767 3638 expromerem
783 3568 840 3622 MP
858 3585 1016 3637 enpromens
1034 3566 1123 3632 Helm.

326 3669 352 3736 2)
371 3666 530 3734 Saepissime
550 3678 566 3718 e
586 3667 613 3716 et
631 3662 642 3716 i
662 3661 787 3716 confundi
797 3660 915 3715 Kritzius
933 3660 961 3712 in
976 3658 1082 3725 Proleg.
1100 3674 1125 3725 p.
1139 3653 1281 3709 LXXXIX

220 3759 340 3828 plurimis
359 3756 484 3826 exemplis
504 3755 601 3809 docuit.

327 3850 354 3918 3)
373 3849 448 3902 Neue
467 3848 493 3900 12
513 3864 537 3915 p.
557 3847 617 3901 268.

327 3945 356 4009 4)
376 3940 479 4009 Proleg.
499 3958 523 4008 p.
544 3937 616 3993 CXX
635 3954 692 4006 sqq.

326 4037 352 4100 ὁ)
372 4032 447 4086 Neue
459 4033 485 4086 Ι2
498 4050 522 4100 p.
536 4032 587 4086 245
602 4047 659 4100 sqq.
679 4027 837 4083 Brambaoh.
851 4028 879 4082 in
894 4027 1013 4094 orthogr.
1032 4024 1080 4078 lat.
1090 4041 1116 4092 p.
1129 4018 1280 4078 149-158.

328 4126 354 4195 6)
374 4123 412 4178 cf.
433 4123 545 4178 Orellius
564 4124 591 4177 in
609 4122 692 4192 praef.
710 4137 736 4189 p.
758 4119 830 4172 XIV.
