2782 4642
646 282 688 346 89

140 507 146 541 .·
203 480 232 542 p.
259 459 301 521 24
336 462 565 543 suspicantem,
587 461 686 524 huius
710 460 859 524 adieelivi
884 460 1114 544 superlativam
1139 462 1203 525 for-

202 580 289 632 mam
312 573 439 632 tantum
463 573 599 651 exstare,
621 571 750 634 remitto
774 571 814 633 ad
841 570 876 633 Il
906 571 979 649 106,
995 570 1029 632 1:
1065 570 1203 655 fulgenti

204 683 392 759 armatoque
416 679 555 760 agmine.

138 811 296 874 honerare
318 807 406 888 elem
428 825 451 870 s.
474 807 550 889 eled
570 810 643 892 alpe
668 829 702 873 re
724 829 781 892 pro
806 828 843 874 eo
868 810 994 886 dicitur,
1031 809 1117 893 quod
1151 830 1200 893 ap.

205 917 269 983 Cic.
294 922 342 981 est
364 935 480 980 ornere
502 918 589 1001 abpm
612 919 686 1001 alpe
708 937 757 983 re:
782 919 881 1001 alem:
907 918 924 981 I
950 920 1036 1001 i3,2.
1060 919 1095 982 II
1115 922 1203 1003 59,3‚

61 1030 63 1033 ’
139 1066 142 1071 -
206 1025 738 1111 1161,3.11100,4.11112,2.
774 1029 948 1112 11129,3.
981 1063 1025 1075 -
1059 1028 1144 1110 eled:
1169 1030 1203 1092 II

206 1136 292 1219 27,6.
327 1134 360 1198 II
390 1134 478 1218 62,4.
512 1135 546 1199 II
576 1135 689 1220 119,5.
732 1127 909 1202 bonoribus
943 1137 977 1200 ΙΙ
1010 1138 1082 1218 124,
1094 1139 1123 1203 3.
1160 1175 1201 1184 —-

204 1244 276 1310 Sall.
298 1244 370 1328 Iug.
398 1246 448 1326 10,
463 1247 493 1310 2.
529 1247 596 1309 Liu
613 1246 672 1311 Ov.
696 1283 738 1295 κ
761 1246 865 1311 Locus
882 1266 979 1331 quem
993 1245 1201 1311 Hudemann.

201 1358 237 1419 in
269 1354 389 1418 Klotzii
422 1356 486 1418 lex.
518 1356 573 1419 lat.
611 1375 653 1420 ex
684 1355 748 1419 (lic.
780 1357 862 1424 Phil.
897 1356 933 1420 ΙΙ
965 1357 1070 1440 11‚25
1103 1357 1203 1439 affert,

202 1484 291 1529 nunc
314 1483 357 1528 ex
386 1465 515 1547 optimis
548 1466 638 1529 codd.
674 1466 864 1531 emendatus
897 1467 943 1528 ita
977 1466 1107 1550 legitur:
1146 1468 1203 1549 qui

202 1594 317 1639 me..
342 1623 350 1639 .
374 1573 528 1638 laudibus
552 1580 688 1640 ornaret.

135 1705 173 1770 in
194 1704 335 1788 pretium
357 1703 436 1787 aleje
463 1705 583 1768 locutio
608 1724 626 1766 a
649 1702 740 1766 Livio
764 1705 867 1787 primo
892 1708 924 1767 et
944 1723 1037 1788 saepe
1053 1703 1203 1787 (Kuehn-

203 1810 277 1877 ast.2
299 1834 330 1897 p.
356 1813 434 1899 381)
460 1818 615 1897 usurpata
637 1814 796 1896 reperitur
828 1812 862 1876 II
888 1814 968 1896 18,3
994 1819 1024 1877 el
1048 1814 1081 1877 II
1104 1816 1156 1895 41,
1170 1816 1201 1880 2.

135 1943 342 2007 incruentae:
384 1942 471 2007 haud
499 1944 679 2008 incruentis
702 1943 935 2008 certaminibus
962 1943 995 2007 ΙΙ
1019 1941 1111 2023 21,6.
1136 1963 1202 2007 non

201 2054 380 2117 incruentis
404 2052 652 2116 centurionibus
675 2052 710 2116 Π
735 2052 847 2134 11256.
871 2088 914 2099 —-
937 2051 1013 2116 Sall.
1037 2052 1108 2120 niv.

135 2182 244 2247 indere
266 2182 369 2250 alicui
390 2204 517 2264 nornen,
553 2203 725 2268 coenomen
759 2183 879 2246 locutio
908 2183 1067 2263 Plautina,
1103 2205 1201 2267 quam

201 2312 242 2356 ne
266 2297 378 2376 poetae
394 2279 545 2376 quidem
570 2295 684 2358 aetatis
720 2311 836 2356 aureae
865 2293 900 2354 in
923 2291 1023 2355 libros
1047 2312 1122 2356 suos
1147 2292 1202 2355 ad·

139 2385 144 2391 ’
201 2404 368 2484 miserunt,
403 2402 554 2466 Sallustio
590 2409 621 2466 et
655 2401 747 2465 Liuio
781 2400 1015 2484 praeeuntibus
1044 2422 1092 2485 ap.
1117 2401 1201 2467 Vell.

202 2513 332 2594 legitur:
367 2512 420 2574 cui
455 2530 497 2574 ex
531 2514 651 2575 virtute
684 2499 884 2576 Macedonici
913 2530 1033 2574 nomen
1060 2511 1200 2575 inditum

203 2623 250 2682 est
283 2619 418 2700 111‚2.
454 2623 483 2684 ei
519 2640 696 2705 cognomen
720 2619 888 2684 Numidici
922 2620 1063 2684 inditum
1098 2626 1146 2684 est
1168 2620 1202 2684 Π

207 2730 298 2811 11,2.
334 2726 387 2812 (de
420 2732 570 2813 genetivo
605 2730 746 2792 nominis
778 2716 889 2812 paullo
912 2730 1119 2795 insolentiore
1143 2730 1200 2794 cfr.

203 2835 360 2921 Zumpt.13
392 2840 411 2920 ἓ
440 2838 530 2925 421.)
575 2839 673 2903 Fabio
698 2889 705 2904 .
730 2858 971 2922 ..cognomen
995 2838 1220 2923 Allobrogico*

203 2947 345 3010 inditum
368 2948 402 3011 Il
428 2949 477 3030 10,
488 2951 518 3012 2.
544 2949 632 3033 quod
648 2966 826 3032 cognomen
850 2948 899 3011 illi
923 2998 931 3015 .
957 2997 964 3014 .
991 2999 998 3013 .
1024 2967 1202 3014 consensus

203 3057 348 3120 universi
379 3063 510 3122 senalus
537 3058 717 3142 populique
744 3055 882 3120 Romani
910 3059 1027 3122 indidit
1050 3057 1083 3121 H
1109 3060 1198 3140 91,1.

136 3186 383 3254 inenarrabilis:
413 3188 494 3251 mira
518 3189 659 3271 quadam
690 3193 722 3252 et
744 3186 928 3250 incredibili
952 3194 1048 3272 atque
1072 3191 1201 3254 inenar-

200 3296 295 3360 rabili
318 3298 435 3380 pietate
458 3296 491 3359 II
516 3298 569 3381 99,
582 3300 610 3360 2.
641 3333 685 3346 -
717 3298 787 3362 Liv.
811 3295 889 3360 XLI
919 3298 970 3382 15,
983 3299 1013 3364 2.
1038 3296 1111 3384 (ubi
1134 3318 1198 3362 non

143 3465 148 3470 .
201 3406 464 3471 inenarrabiliter
486 3443 529 3455 -
553 3409 598 3470 ita
620 3406 761 3473 Hudem.
786 3408 820 3469 in
844 3405 963 3471 Klolzii
986 3408 1050 3471 lex.
1076 3408 1132 3471 lat.
1157 3443 1200 3454 —·

203 3516 257 3578 sed
281 3537 357 3581 cum
379 3517 513 3581 Hertzio
536 3516 752 3581 inenerrabili
774 3516 841 3580 tabe
864 3517 1039 3601 legendum
1063 3516 1131 3603 est).
1154 3516 1199 3580 id.

202 3621 331 3689 XLllIl
356 3626 425 3708 5‚1.
487 3699 494 3714 Ρ

136 3754 293 3817 inescare:
330 3755 433 3818 veluti
466 3756 660 3820 inescandae
688 3755 947 3838 inliciendaeque
983 3757 1200 3820 multitudinis

203 3863 237 3927 Π
262 3865 353 3946 13,2.
377 3900 420 3910 -—
443 3864 511 3931 Ter.
535 3865 598 3929 Ad.
625 3868 700 3930 220.
723 3865 794 3930 Liv.

136 3972 405 4057 irreesuperabe'lis
439 3994 505 4037 vox
533 3995 551 4038 a
579 3976 669 4039 Livio
693 3978 810 4038 novata
833 3972 1046 4056 (Kuehnast.2
1070 3995 1097 4058 p.
1123 3975 1200 4058 341)

204 4083 242 4148 de
284 4083 383 4147 rebus
422 4088 607 4167 usurpatur:
655 4084 930 4167 inexsuperabiles
965 4083 1197 4170 (difficultates)
