2782 4642
711 296 754 361 84

632 386 846 397 ————

275 476 505 560 frequentavit:
535 474 552 537 I
577 473 728 558 10,4.11
754 476 823 556 7,4.
859 474 892 537 II
918 475 999 558 13,2
1023 472 1072 562 III
1096 472 1204 562 82,ltt.
1229 513 1275 522 —

277 587 454 670 Imperson.
477 583 511 647 Π
535 584 623 667 22,1.
649 583 682 647 II
706 584 794 661 28‚4.
818 582 852 646 II
877 583 1020 666 74,4.11
1045 584 1155 666 120,6.

210 695 381 781 trunonis
402 696 425 758 i.
449 713 473 761 s.
499 713 528 775 q.
547 693 729 776 prouentus:
756 711 839 777 quoe
861 711 924 755 vox
949 713 1065 778 magna
1087 698 1177 777 purte
1200 714 1277 758 eum

254 805 424 889 spoliavit
446 803 613 886 sanguinis
637 804 689 866 sui
712 802 729 865 Ι
753 801 840 883 10,5.

209 911 475 996 trodimentum:
520 910 747 995 imbutamque
791 911 1043 998 (Germanicum)
1081 913 1274 977 rudimentis

277 1023 407 1087 militiae
430 1020 464 1083 ΙΙ
489 1021 596 1102 129,2.

209 1131 401 1215 †serundus
423 1131 443 1192 i.
467 1149 493 1194 s,
518 1151 548 1213 q.
573 1129 725 1212 infertor:
751 1128 787 1204 Q.
805 1127 970 1193 Metellum
990 1129 1274 1194 nulli'secundum

276 1241 397 1304 saeculi
420 1241 472 1304 sui
494 1239 528 1302 H
553 1240 644 1320 11‚1.
691 1240 741 1301 vir
763 1237 848 1301 nulli
871 1240 1034 1303 secundus
1057 1237 1091 1302 ΙΙ
1115 1239 1205 1318 76,1.
1230 1275 1274 1287 -

275 1349 343 1414 Liv.
366 1348 487 1413 XXIII
512 1349 563 1423 10,
574 1350 602 1412 7.

208 1460 337 1546 stonum
359 1460 379 1521 i.
404 1480 434 1542 q.
460 1458 581 1522 testari:
606 1458 694 1542 quali
714 1458 861 1521 adiutore
884 1505 890 1519 .
915 1507 922 1522 .
948 1505 955 1519 .
978 1458 1076 1522 fratre
1099 1476 1171 1521 meo
1194 1477 1274 1522 usus

276 1570 383 1633 sit..
410 1618 418 1633 .
452 1567 624 1647 honorum,
661 1566 780 1651 quibus
812 1567 1015 1650 triumphans
1050 1587 1125 1632 eum
1159 1565 1274 1631 Caesar

276 1675 415 1759 donavit,
450 1678 556 1761 signat
579 1678 734 1741 memorio
756 1675 790 1739 ΙΙ
816 1675 924 1756 115,1.
970 1674 1099 1759 sz‘ynore
1122 1675 1194 1740 stilo
1216 1695 1275 1759 pro

276 1803 312 1847 eo
337 1785 462 1868 dicitur,
496 1786 582 1870 quod
606 1790 653 1850 est
676 1805 725 1868 ap.
751 1783 814 1847 Cio.
838 1784 994 1849 mandore
1025 1785 1157 1868 scripto:
1193 1785 1275 1867 quin

276 1913 344 1956 rem
378 1914 472 1978 saepe
509 1898 658 1980 agitatam
693 1895 801 1957 animo
836 1911 908 1956 meo
1040 1896 1165 1978 signem
1201 1894 1275 1959 stilo

275 2001 292 2064 I
318 2001 404 2083 16,1.
430 2041 471 2050 —-
496 2003 621 2068 Similia
644 2003 797 2068 exhibent
819 2007 937 2085 poetae.

208 2110 301 2192 nitur,
327 2111 413 2194 quod
436 2112 628 2176 vocabulum
654 2111 767 2194 optimi
789 2113 959 2193 scriptores
982 2113 1047 2176 nisi
1071 2111 1110 2176 de
1133 2113 1278 2178 tororum

275 2219 458 2284 condicione
492 2226 520 2285 et
553 2225 675 2284 natura
709 2238 775 2282 non
805 2227 1063 2303 usurpaverunt,
1107 2222 1146 2285 de
1180 2222 1278 2286 rebus

275 2329 431 2394 oblivione
449 2329 574 2395 obrutis
606 2329 737 2392 dieitur:
774 2329 963 2412 sepultaque
995 2351 1031 2394 ac
1065 2333 1129 2395 situ
1152 2330 1278 2396 obsitae

277 2440 409 2518 iustitia,
434 2441 589 2523 aequitas,
612 2437 773 2502 industrio
795 2436 829 2499 II
854 2437 927 2519 126,
945 2439 973 2502 2.

209 2547 407 2632 †surressus
442 2568 525 2632 quoe
557 2568 624 2611 vox
654 2548 689 2610 in
714 2547 778 2612 Cic.
801 2546 894 2612 libris
918 2550 1049 2612 omnino
1072 2569 1147 2633 non,
1176 2551 1276 2614 semel

277 2678 325 2741 ap.
350 2655 690 2743 (taes.(e.1120,2)
721 2658 849 2741 propria
882 2658 1000 2740 legitur
1023 2659 1137 2742 signifi,
1170 2665 1277 2724 trans-

277 2769 342 2831 lata
365 2772 554 2851 usurpatur:
580 2786 621 2830 ex
644 2786 798 2832 successu
821 2767 966 2830 animum
989 2771 1126 2851 sumpsit
1139 2768 1171 2832 ΙΙ
1185 2769 1275 2850 17‚3.

208 2878 320 2961 superi
342 2898 417 2957 non,
442 2882 479 2941 ut
500 2877 566 2940 fere
585 2875 630 2959 fit,
653 2877 688 2940 dt
705 2876 867 2957 dicuntur,
889 2877 946 2940 sed
960 2877 1107 2941 beminen
1120 2878 1275 2942 viventes:

279 3007 375 3070 quam
393 2987 479 3070 apud
496 3004 630 3069 superos
646 2986 802 3049 habuerat
817 2985 1084 3068 magnitudinem,
1106 2987 1277 3051 inlibatam

280 3097 449 3170 detulisset
472 3096 512 3158 nd
535 3093 655 3158 inferos
678 3094 712 3157 II
735 3095 823 3177 48‚2.
847 3131 890 3141 —
914 3094 1010 3179 Verg.
1033 3098 1117 3160 Aen.
1140 3095 1278 3165 V1481‚

278 3205 351 3270 680.
378 3206 440 3269 780
464 3204 516 3288 (of.
530 3202 672 3268 Ladewst'
695 3204 735 3268 ad
758 3209 955 3288 postremum
978 3206 1064 3269 huno
1086 3204 1215 3291 locum).
1233 3240 1276 3252 -

278 3313 342 3378 ‘Sic
363 3315 451 3398 apud
475 3314 614 3378 Graecos
638 3308 670 3378 οὶ
693 3305 802 3390 ἄνω]ἱ
826 3313 956 3380 Ruhnk.

209 3429 305 3490 tenore
327 3425 405 3502 atris
427 3424 477 3487 rei
498 3425 608 3489 transl.
637 3424 745 3506 signif.
776 3428 966 3505 usurpatur:
996 3423 1048 3488 hio
1073 3475 1080 3490 .
1105 3474 1111 3486 .
1135 3473 1142 3486 .
1167 3402 1285 3486 omici-¹

275 3536 393 3597 tiorum
426 3540 526 3599 tenax
556 3533 590 3596 Π
613 3535 666 3611 29,
680 3534 708 3595 3.
754 3531 881 3596 Dellius
915 3536 1056 3618 exempli
1091 3533 1142 3597 sui
1175 3537 1275 3596 tenor:

275 3642 421 3726 1184,2.
447 3681 490 3690 —
514 3643 608 3707 Falso
632 3641 773 3724 Georges
796 3641 815 3702 l.
839 3641 860 3707 l.
884 3664 915 3726 p.
943 3646 985 3706 28
1013 3646 1101 3708 huno
1125 3643 1277 3706 adiectivi

277 3771 372 3815 usum
396 3751 487 3815 Liuio
511 3752 633 3815 tribuit.

210 3861 339 3948 thyrsus
362 3857 500 3948 θύρσοςε
523 3858 712 3946 (Antonius)
735 3860 882 3940 thyrsum
906 3866 1019 3927 tenens
1043 3860 1276 3942 oothurnisque

276 3971 460 4035 succinctus
484 4020 491 4035 .
517 4019 525 4035 .
550 4018 557 4034 .
583 3971 671 4034 velut
694 3968 791 4034 Liber
812 3976 903 4052 pater
924 3971 958 4034 II
982 3974 1069 4056 82,4.

211 4084 331 4143 tructus
355 4079 504 4143 Lucretio
529 4078 559 4164 (Ι
585 4079 672 4142 1004
695 4079 733 4144 ot.
762 4079 790 4142 V
816 4080 916 4165 1214)
939 4085 1113 4164 praeeunte
1137 4079 1176 4142 de
1200 4082 1277 4141 teon-
