2782 4642
673 293 713 355 71

234 469 363 535 bliebeu
386 468 463 534 aber
485 474 581 532 unter
604 468 869 540 demvexillum,
891 473 987 533 unter
1010 469 1164 533 welchem
1188 471 1234 533 sie

230 583 266 644 in
301 581 353 642 die
387 579 487 642 ihnen
521 577 703 640 bestimmte
731 575 861 641 Colonia
896 578 1066 662 abgefiihrt
1103 579 1233 643 werden

233 689 360 767 sollten‚
384 686 543 768 vorlaufig
566 687 732 769 vereinigt,
767 685 834 749 und
869 687 995 751 heissen
1018 707 1082 751 von
1106 688 1174 751 ihm
1196 689 1232 750 in

234 796 447 860 besonderem
470 795 568 860 Sinne
590 794 773 858 vexillarii’

166 906 332 969 vindicare
354 925 387 967 se
408 903 449 967 ab
474 905 545 986 olqo
574 904 613 966 de
645 902 766 966 atticae
799 904 1024 986 accipiendum
1058 912 1119 970 est:
1154 907 1230 989 quin

229 1016 331 1078 ,etiam
355 1032 390 1092 se
413 1034 431 1076 a
453 1013 588 1095 Pyrrho,
621 1011 759 1074 Achillis
793 1011 868 1092 filio,
904 1014 1025 1077 virtute
1059 1015 1234 1078 vindicavit

234 1124 340 1203 11,3.

215 1231 418 1296 ·Insolenter
440 1237 472 1296 et
505 1233 576 1295 sine
606 1230 754 1313 exemplo
789 1230 956 1295 cincticcre
989 1251 1046 1315 pro
1080 1231 1235 1296 resarcire

177 1419 180 1423 Ι
233 1343 365 1405 dicitur:
388 1360 455 1404 non
479 1342 601 1404 civium
616 1341 852 1416 tantummodo,
878 1341 936 1404 sed
957 1341 1090 1406 urbium
1114 1343 1234 1405 damna

231 1453 387 1535 principis
410 1449 634 1514 munificentia
656 1448 801 1512 vindicat
823 1448 856 1511 II
882 1447 994 1526 126,4.
1031 1451 1135 1526 Quam
1159 1453 1232 1515 inu-

232 1563 409 1624 sitatiorem
440 1559 539 1621 huius
574 1559 663 1620 vocis
697 1559 861 1622 notionem
897 1579 964 1622 non
998 1579 1072 1624 cum
1106 1560 1230 1624 Kritzio

231 1670 399 1751 repetitam
429 1687 499 1731 θεεθ
523 1674 600 1750 puto
624 1666 664 1729 ab
689 1685 736 1735 ea,
769 1687 834 1748 qua
857 1667 993 1730 verbum
1017 1670 1103 1732 valet
1124 1669 1231 1752 defen-

232 1776 311 1856 dere,
334 1797 449 1856 arcere,
474 1775 616 1856 liberare,
640 1776 697 1839 sed
720 1777 826 1858 potius
850 1797 868 1838 a
890 1779 1031 1841 naturali
1054 1799 1090 1843 ac
1112 1781 1232 1863 prinoi-

230 1886 296 1968 pali
318 1885 468 1949 vocabuli
492 1885 732 1967 significatione,
765 1905 849 1967 quae
872 1894 921 1950 est
943 1907 1011 1950 rem
1033 1893 1071 1951 at
1092 1888 1231 1952 debitam

232 1994 297 2058 sibi
318 1996 488 2078 postulare.
536 1993 657 2058 Eadem
690 1994 756 2058 fere
789 1997 997 2061 translatione
1030 2017 1090 2061 nos
1125 1999 1231 2061 dicere

233 2104 375 2167 solemus
401 2103 497 2167 ‘eines
518 2104 658 2167 anderen
688 2103 814 2168 Verterat
834 2104 896 2188 fair
928 2105 1015 2170 seiae
1040 2106 1139 2170 Socha
1170 2128 1230 2170 cit-

230 2213 344 2276 seteo'.

163 2321 306 2386 ceadicta
329 2322 381 2406 (cf.
402 2325 426 2386 5
449 2323 604 2405 vindicta)
626 2324 647 2388 i.
671 2343 694 2385 ε.
720 2343 749 2405 q.
773 2343 885 2405 poena,
917 2323 1011 2386 altio:
1046 2327 1117 2387 visa
1148 2325 1229 2386 ultio

228 2432 353 2514 privato
389 2425 461 2495 odio
500 2434 602 2514 magis
640 2451 738 2514 quam
776 2432 925 2513 publicae
961 2432 1122 2496 vindictae
1157 2433 1231 2496 data

230 2540 263 2603 II
278 2543 306 2620 7,
315 2541 343 2603 6.
363 2542 565 2605 consularem
585 2588 592 2603 .
617 2590 623 2602 .
650 2589 657 2603 .
680 2539 856 2603 vindictam
873 2542 1015 2603 minatus
1031 2547 1079 2605 θεῖ
1094 2543 1128 2605 Π
1142 2542 1192 2620 92,
1201 2543 1228 2603 3.

232 2651 406 2714 admonitio
430 2651 593 2733 frequens,
627 2648 790 2711 interdum
823 2654 857 2712 et
889 2651 1064 2732 castigatio
1088 2650 1229 2712 vindicta

230 2764 338 2822 minen
371 2761 536 2823 rarissima
564 2758 597 2820 Il
623 2758 731 2840 naa.
758 2758 935 2821 ——Minus
968 2763 1054 2822 recte
1089 2758 1229 2840 Georges

229 2868 263 2929 in
288 2867 352 2931 lex.
380 2866 449 2931 Ιθῖ.7
473 2869 513 2931 ad
536 2869 619 2931 hanc
639 2866 744 2951 signif.
769 2869 869 2929 traxit
893 2865 952 2931 Ov.
970 2867 1063 2932 Pont.
1077 2868 1124 2931 IV
1138 2868 1226 2949 6,33.

164 3045 197 3113 3.
220 3046 380 3114 vocabola
404 3065 484 3130 quae
507 3047 641 3115 Velleius
665 3066 686 3115 a
709 3047 824 3132 noetis,
854 3047 882 3114 in
907 3047 1015 3133 primis
1040 3066 1060 3115 a
1082 3047 1226 3132 lorello,

454 3157 595 3239 Horatio,
621 3157 728 3226 ovidio
753 3155 940 3243 renativit.¹)

161 3288 321 3351 acanthus
344 3279 505 3366 ἄκανθοςε
532 3292 675 3372 quinque
700 3290 765 3371 egit
786 3289 979 3371 triumphos:
1005 3289 1118 3352 Gallici
1134 3309 1227 3370 appa-

228 3403 317 3460 ratus
333 3417 375 3462 ex
391 3399 479 3478 citro,
503 3399 630 3462 Pontici
646 3418 687 3463 ex
704 3398 839 3465 acantho
858 3448 867 3463 .
885 3446 893 3462 .
911 3446 918 3460 .
936 3400 1077 3461 constitit
1091 3396 1121 3460 Il
1136 3397 1225 3478 56‚2.

229 3506 268 3569 cf.
292 3507 450 3588 Ladewig.
474 3506 571 3591 Verg.
595 3505 626 3568 17
648 3527 677 3590 p.
704 3508 755 3570 17.

161 3615 361 3698 †occenclere
387 3636 444 3699 pro
467 3617 634 3680 incendere
656 3621 833 3698 usurpatur
856 3614 1024 3693 incitandi,
1059 3613 1226 3694 excitandi,

228 3725 369 3808 aoqeaadi
391 3725 639 3808 significatione:
665 3726 831 3790 admiratio
854 3725 1064 3787 imitationem
1081 3725 1226 3787 accendit

269 3899 294 3966 1)
314 3899 398 3953 Voces
417 3900 468 3953 hoc
487 3901 563 3969 signo
582 3904 601 3969 †
620 3905 728 3955 notatas
747 3901 900 3953 inserendas
926 3900 1020 3967 putavi
1045 3900 1108 3953 huic
1132 3900 1225 3953 verbo·

160 4004 220 4042 rum
238 3990 338 4058 generi,
358 4007 519 4060 quamquam
539 4009 555 4046 a
573 3993 676 4047 Velleio
695 4008 749 4045 non
773 3991 859 4059 primo
879 3992 925 4044 sed
940 3995 1084 4060 praeeunte
1103 3992 1177 4045 Livio
1197 3991 1225 4044 in

160 4097 239 4149 prosa
258 4082 379 4136 oratione
397 4087 527 4152 usurpata
545 4088 615 4140 sunt.
