2782 4642
675 351 717 414 97

133 576 136 582 ·
234 538 351 622 118,1.
386 572 428 582 —-
464 534 533 598 Liv.
569 530 648 613 (Cio.
673 530 744 596 Oec.
780 551 830 614 ap.
859 529 940 596 Gell.
969 528 1033 592 XV
1071 531 1130 607 5,8
1165 529 1226 593 hoo

230 647 367 712 verbum
389 644 515 728 proprie
538 641 731 724 usurpavit.)

230 891 296 951 tur:
322 885 558 969 Agrippa...
584 883 754 966 adoptatus
776 881 816 945 ab
844 901 903 945 avo
938 901 999 945 suo
1030 880 1169 944 naturali
1184 881 1225 944 ’Π
1347 923 1349 927 -

234 997 306 1078 112,
320 996 347 1057 7.
378 1032 421 1042 -
455 992 522 1058 Liv.
553 991 647 1056 XLII
672 993 769 1075 52‚5:
802 993 886 1055 circa
920 1010 955 1055 se
986 989 1108 1054 habens
1143 991 1224 1054 duos

230 1106 322 1188 filios,
345 1105 439 1168 ouius
461 1104 548 1186 paris
571 1101 741 1185 Philippus
764 1106 884 1166 notura
910 1099 1020 1184 frater,
1054 1100 1224 1184 adoptione

229 1215 325 1297 filius,
347 1215 462 1291 minor,
487 1232 583 1296 quem
607 1211 831 1276 Alexandrum
861 1211 1031 1288 vocabant,
1062 1211 1225 1274 naturalis

229 1329 308 1390 erat.
343 1322 473 1405 (Contra
508 1320 573 1386 Cio.
609 1322 702 1386 Verr.
736 1322 789 1385 III
813 1322 865 1403 69,
881 1321 958 1384 162;
994 1325 1070 1385 tuus
1103 1326 1225 1385 natura

228 1435 322 1518 filius
356 1435 395 1496 cl.
418 1432 497 1496 Rab.
520 1434 605 1496 Post.
633 1430 682 1513 17,
694 1432 747 1496 45.
782 1431 865 1495 Phil.
894 1430 947 1495 III
970 1430 1069 1512 o,15:
1102 1435 1225 1495 recturo

225 1549 328 1626 poter.
364 1543 402 1605 cf.
426 1541 596 1625 Naegelsb.
621 1540 718 1605 -1,
743 1538 870 1605 Muell.⁷
892 1561 925 1623 p.
949 1542 1023 1605 230.

163 1673 264 1738 nitere
287 1674 396 1739 transl.
421 1674 461 1738 de
483 1673 630 1756 personis
655 1671 777 1734 dictum
799 1672 821 1734 i.
846 1691 871 1734 e.
896 1692 926 1754 q.
961 1671 1087 1754 slorcra
1120 1674 1224 1737 nitue-

228 1788 306 1846 runt
329 1788 469 1848 oratores
492 1782 598 1865 Scipio
623 1781 825 1845 Aemilianus
853 1784 911 1846 etc.
942 1781 977 1844 II
1001 1783 1070 1863 9,1.
1105 1818 1149 1827 —
1183 1781 1222 1846 cf.

229 1891 297 1958 Liv.
320 1893 372 1956 III
398 1894 448 1975 12,
462 1893 495 1957 5:
529 1889 563 1954 L.
586 1890 755 1954 Lucretius
781 1938 790 1956 .
814 1940 856 1958 ..
890 1893 1011 1955 recenti
1041 1891 1144 1974 gloria
1174 1893 1224 1954 ni·
1306 1952 1309 1956 .

228 2007 309 2066 tens.
333 2039 376 2050 -
398 2001 447 2066 De
469 2001 569 2065 rebus
591 2000 693 2064 oiim
714 2001 824 2065 transl.
854 2000 959 2084 signif.
995 2002 1060 2065 iam
1094 2000 1223 2066 aOice-

228 2131 307 2176 rone
330 2114 459 2196 saepIus
492 2116 684 2194 usurpatum
717 2116 765 2174 est
800 2107 905 2195 (Balb.
929 2109 1025 2192 6,16.
1059 2113 1121 2196 leg.
1157 2133 1222 2196 agr.

227 2221 244 2284 1
269 2222 363 2304 nar.
397 2223 490 2287 Brut.
514 2221 654 2304 euna.
678 2221 733 2287 fin.
757 2219 806 2283 ru
831 2223 859 2302 3,
873 2221 916 2304 5).

160 2372 279 2416 nomen
302 2351 376 2418 Sall.
410 2356 441 2416 et
472 2350 543 2416 Liv.
565 2351 796 2434 praeeuntibus
830 2351 940 2414 eadem
978 2371 1040 2434 qua
1068 2352 1222 2435 populus,

226 2482 277 2525 res
296 2462 438 2546 publicu,
462 2461 640 2544 imperium
665 2460 772 2544 signif.
800 2464 990 2544 usurpatur:
1024 2460 1223 2525 clarissimus

229 2569 306 2631 Grai
328 2573 468 2635 nominis
491 2570 508 2633 I
532 2570 605 2653 6,.3
637 2569 819 2633 Romanum
836 2569 1081 2650 nomen112,5
1105 2570 1225 2653 114,1.’

229 2675 1223 2764 112ssnune1153‚2.1160‚1.111‘28311

232 2785 346 2865 131,.1

157 2918 344 3000 praecedere
367 2919 501 2983 verbum
526 2941 545 2983 a
568 2919 730 2984 Ciceronis
753 2939 815 2984 usu
839 2920 988 3003 alienum,
1021 2922 1107 3005 quod
1131 2922 1220 2990 Oeen.

230 3028 330 3091 semel
352 3029 464 3092 transl.
487 3049 545 3112 pro
568 3049 721 3113 superare
744 3033 922 3114 usurpavit,
954 3033 1082 3116 propria
1117 3039 1222 3099 exstat

229 3136 347 3219 signifi:
373 3143 438 3201 ut.
462 3189 469 3201 .
495 3188 502 3204 .
527 3139 657 3202 nuntios
679 3141 814 3222 periculi
841 3143 992 3206 victoriae
1018 3143 1221 3225 praecederet

227 3248 366 3311 nunnus
389 3247 423 3311 II
449 3249 520 3330 129,
530 3247 559 3312 3.
584 3285 627 3294 -
643 3248 769 3332 Poetae,
791 3249 859 3314 Liu.
884 3289 926 3298 —
950 3250 990 3316 ci.
1014 3249 1157 3317 Laden.7
1179 3255 1219 3317 ad

227 3355 323 3442 Verg.
349 3360 432 3423 Aen.
456 3355 506 3421 IX
530 3357 581 3421 47.

157 3486 412 3569 praecipiturei.
437 3510 468 3572 q.
491 3493 637 3554 cocina:
662 3492 771 3574 quieta
793 3496 849 3554 aut
871 3497 955 3557 certe
978 3513 1042 3556 non
1066 3497 1219 3579 praecipi·

228 3597 294 3656 tata
315 3594 362 3678 (re
384 3598 526 3685 publica)
548 3599 777 3683 Ι,Ι486-
811 3598 882 3669 Iov.
907 3602 1009 3667 XXII
1035 3603 1152 3687 12,11;
1179 3607 1219 3669 ad

227 3720 296 3764 renr
318 3704 481 3785 publicam
503 3711 864 3794 praecipitandamoe-
899 3712 1027 3795 (Contra
1050 3712 1114 3779 erc.
1139 3715 1218 3779 Sull.

231 3809 306 3888 1,1:
327 3817 556 3900 praecipitante
578 3840 614 3885 re
637 3819 778 3905 publica.
803 3821 883 3888 ibid.
908 3824 959 3906 31,
972 3824 1027 3887 87;
1052 3825 1099 3887 rei
1115 3824 1219 3907 publi-

228 3940 283 3985 cae
303 3925 528 4010 praecipitanti
550 3930 715 4014 subveni.)
740 3928 798 3994 Ov.
823 3931 916 3996 Pont.
940 3932 991 3996 III
1016 3932 1132 4015 1,140.

156 4053 333 4136 praeterire
354 4074 411 4139 per
434 4058 545 4123 transl.
568 4059 589 4125 i.
610 4081 633 4125 s.
651 4083 681 4145 q.
706 4081 872 4145 superare:
897 4061 954 4127 ubi
977 4067 1033 4128 aut
1054 4065 1220 4148 praeteriri

229 4170 285 4229 aut
307 4168 439 4250 aequari
462 4187 516 4233 eos
539 4188 633 4253 posse
655 4171 897 4254 desperavimus
919 4173 936 4236 Ι
961 4173 1011 4257 17,
1026 4175 1053 4238 i.
1077 4173 1170 4240 Vurr.
1194 4194 1219 4238 r.

1010 4291 1025 4344 7
