2782 4642
680 301 721 363 63

232 477 393 543 ‘Caesaris
417 483 555 542 mortem
578 478 693 540 ulcisci
717 476 876 558 volebant,
900 497 997 559 quam
1017 496 1128 541 omnes
1151 477 1231 540 fata-

230 590 294 653 lem
317 588 418 652 fuisse
443 584 700 651 arbitrabantur.'

164 698 351 780 {iaia-'nec
375 695 553 779 quidquam
576 695 641 758 iam
665 695 705 757 de
720 693 795 774 fine,
818 695 846 757 si
861 695 925 758 fata
940 704 1114 778 poscerent,
1137 715 1230 759 recu-

233 825 308 870 sans
331 804 365 867 ΙΙ
391 802 463 886 123,
477 807 505 870 2.
540 840 582 851 -
618 801 701 865 ‘Non
735 803 835 867 habeo
871 807 1078 868 vetustiorem
1106 805 1229 868 Velleio

234 919 406 995 auctorem,
441 915 496 996 qui
523 913 626 996 finem
648 933 705 997 pro
728 912 797 995 fine
819 913 903 976 citae
926 914 994 976 sive
1017 919 1116 977 morte
1140 915 1230 978 dixe-

233 1026 284 1086 rit.
331 1023 378 1085 Ex
394 1024 518 1087 >eadem
541 1027 643 1086 aetate
667 1021 738 1085 Val.
765 1020 848 1085 Max.
877 1022 927 1084 III
951 1024 1025 1104 3‚4:
1061 1022 1136 1086 forti
1167 1023 1231 1087 fine

166 1187 173 1199 .
231 1134 400 1197 inlustrem
440 1133 647 1216 professionis
691 1138 797 1194 actum
836 1131 1064 1215 comprobavit.
1105 1169 1148 1179 -
1187 1133 1232 1196 At

229 1242 327 1324 finiri
348 1262 404 1325 pro
428 1241 514 1304 niori
535 1248 583 1304 est
605 1242 690 1324 apud
715 1243 911 1325 antiquiores
927 1241 1061 1305 Velleio.
1109 1240 1229 1323 (licere,

230 1352 397 1416 oraculum
432 1370 584 1434 graecum
609 1355 746 1431 vertens,
779 1347 869 1412 Tusc.
905 1348 921 1411 Ι
953 1351 995 1412 48
1032 1350 1144 1436 (115);
1177 1351 1230 1417 Sic

195 1499 197 1502 <
228 1461 291 1525 fuit
315 1462 427 1524 utilius
449 1460 536 1523 finiri
559 1461 687 1542 ipsique
710 1457 856 1541 tibique!
902 1456 1032 1522 Ruhnk.

161 1569 306 1652 formala
330 1571 461 1652 ponitur
484 1589 542 1651 pro
566 1567 673 1650 formo
702 1576 813 1632 contra
844 1569 990 1632 omnium
1018 1571 1104 1652 quod
1131 1574 1229 1636 sciam

230 1679 424 1760 scriptorum
448 1678 734 1742 consuetudinem:
759 1679 847 1739 natio
863 1678 992 1741 redacta
1008 1681 1042 1741 in
1058 1678 1229 1746 formulam

231 1788 419 1869 provinciae
442 1786 474 1849 ΙΙ
493 1788 569 1869 38,1
596 1787 738 1850 Africam
762 1789 796 1849 in
818 1786 991 1849 formulam
1013 1788 1136 1872 redegit
1158 1811 1229 1874 pro-

230 1896 356 1959 vinciae
380 1895 413 1958 Π
438 1897 526 1978 38,2.

161 2005 322 2088 penitudo,
348 2027 414 2088 qua
437 2024 514 2068 voce
538 2024 649 2089 prosae
673 2005 825 2067 orationis
847 2006 1038 2087 scriptorum
1055 2015 1128 2072 ante
1145 2010 1227 2074 Vell.

231 2134 325 2178 nemo
363 2135 441 2178 usus
476 2121 540 2196 est,
575 2115 765 2178 insolentius
804 2122 979 2196 usurpatur
1013 2136 1069 2198 pro
1103 2121 1224 2184 notolt':

228 2244 303 2288 cum
330 2226 473 2289 viderent
496 2230 584 2287 tanto
601 2225 812 2308 potentiorem
832 2223 915 2305 Tyro
934 2223 1227 2308 Carthaginem...

229 2334 428 2415 Byzantium
452 2333 573 2413 Mileto,
595 2334 728 2417 genitali
752 2333 820 2396 solo
845 2331 879 2394 II
906 2333 970 2412 7,7.

158 2448 264 2524 protes
286 2445 427 2508 solvere:
451 2441 541 2506 Sulla
558 2445 663 2532 'gratis
678 2441 802 2505 Dianae
826 2441 921 2504 solvit
937 2441 970 2504 ll
983 2444 1070 2524 25,4.
1095 2442 1228 2508 Sollem-

227 2555 279 2616 nis
311 2554 371 2615 hac
399 2554 434 2615 in
458 2571 493 2633 re
516 2552 656 2615 formula
690 2557 737 2614 est
766 2555 872 2634 protes
905 2571 995 2632 opere
1030 2537 1229 2637 (Kuehnast2⁴

229 2681 258 2743 p.
283 2660 371 2746 337).
398 2698 439 2706 -
463 2661 561 2744 Verg.
585 2663 665 2724 Aen.
691 2661 707 2722 1
731 2661 794 2722 600
820 2666 851 2722 et
873 2659 1001 2723 11537:
1034 2669 1139 2746 protes
1161 2667 1227 2749 clip-

228 2789 290 2832 nos
307 2771 495 2853 personare.
518 2769 588 2833 Tac.
612 2790 640 2833 a.
664 2768 746 2832 XIV
772 2770 811 2832 13
833 2775 938 2852 protes
961 2772 1100 2838 easolra't.

162 2897 276 2962 hodera
301 2900 480 2963 insolenter
515 2904 547 2962 et
581 2901 649 2963 sine
684 2901 841 2987 exemplo,
878 2902 964 2983 quod
999 2905 1107 2986 sciam,
1140 2925 1229 2989 prae-

229 3010 341 3089 gnanti
367 3028 464 3072 sensu
490 3009 608 3072 dicitur
630 3030 686 3092 pro
721 3030 821 3091 opera
856 3009 894 3073 e'n
928 3012 1081 3075 aturribus
1115 3013 1227 3077 dobere

231 3115 342 3202 (germ.
358 3118 545 3203 cordobam:
565 3138 661 3202 quem
677 3117 880 3203 (exercitum)
903 3169 912 3186 .
937 3170 944 3186 .
970 3169 978 3185 .
996 3124 1108 3185 maiori
1128 3142 1227 3205 quam

230 3227 316 3308 quod
341 3227 479 3290 habebat
502 3231 591 3312 operi
622 3228 829 3312 praeparabat
851 3228 885 3290 H
911 3229 1018 3311 109,2.
1045 3231 1226 3295 —Nescio

228 3355 270 3397 an
305 3339 420 3401 merito
457 3336 587 3404 Ruhnk.
625 3339 664 3401 ad
689 3339 720 3403 h.
745 3337 767 3400 l.
804 3336 934 3401 Graevii
968 3340 1225 3404 emendationem

126 3488 130 3500 .
228 3440 337 3524 ‘quam
363 3447 449 3529 quod
473 3446 592 3531 opedat'
616 3447 808 3530 probaverit.

157 3549 312 3633 hodieque
347 3574 404 3636 pro
436 3555 527 3619 hodie
562 3577 687 3639 quoquc
720 3555 866 3619 Velleius
898 3557 1022 3639 primus
1057 3559 1226 3640 usurpavit

228 3680 344 3725 navem
369 3665 419 3727 us
443 3644 535 3728 uas:
559 3666 576 3728 r
601 3665 663 3746 aa.
679 3665 710 3730 a.
756 3666 772 3728 r
797 3666 883 3743 rra.
922 3664 955 3727 n
978 3666 1044 3744 aa
1077 3666 1110 3728 u
1134 3669 1222 3750 aar.

227 3769 261 3832 II
286 3772 373 3851 225.
411 3773 444 3836 ΙΙ
469 3775 560 3853 61,3.
596 3775 629 3838 ΙΙ
654 3776 742 3857 81‚2.
777 3774 810 3837 ΙΙ
836 3777 924 3853 98,l.
986 3776 1169 3841 Boetticher
1190 3778 1225 3839 in

227 3878 305 3946 Lex.
330 3881 401 3947 Tac.
427 3904 456 3947 v.
482 3889 510 3947 et
533 3892 629 3968 atque
649 3884 811 3948 Drakenb.
837 3883 878 3945 ad
894 3884 962 3948 Lu.
988 3884 1119 3967 V27,1.
1143 3887 1224 3950 illud

226 3988 379 4073 hodieque
402 3994 498 4056 etiarn
522 3994 733 4076 scriptoribus
758 3994 814 4076 qui
839 4012 938 4056 aurea
967 3999 1067 4058 aetate
1094 3997 1223 4078 linguae

155 4127 157 4130 ·
226 4098 344 4164 latinae
380 4104 541 4184 vixerunt,
576 4105 609 4164 in
642 4124 705 4167 usu
738 4103 840 4166 fuisse
868 4102 1064 4168 confirmant.
1112 4105 1173 4169 Sed
1197 4107 1224 4169 si
