2782 4642
634 319 673 382 41

120 497 547 573 remotissiruus11102,3.
578 499 629 560 13.
652 496 838 560 serissimus
861 495 894 558 ΙΙ
921 496 1029 577 13],2.
1065 497 1107 560 14.
1137 515 1186 558 ce-

120 608 380 672 recuudissimus
401 606 436 668 Π
460 608 513 686 33,
526 591 556 672 3.
854 672 857 680 ,

227 716 352 780 Deinde
374 713 456 777 illud
478 713 696 778 adnotandum
720 721 776 795 est,
812 715 985 797 quodiam
1008 712 1185 776 Fritschius

119 823 340 910 observavit,¹)
363 823 525 887 Velleium
549 824 650 887 multo
668 824 797 906 saepius
811 844 908 907 quam
924 825 1004 886 alios
1017 824 1186 905 scriptores

120 935 279 999 adiectiva
313 936 347 996 in
382 968 425 980 --
456 949 537 999 osus
565 933 718 998 exeuntia
751 950 809 1015 per
842 930 962 1014 gradus
992 930 1185 996 declinasse:

119 1044 289 1128 ploriosior
320 1042 356 1106 Il
377 1044 429 1124 49,
443 1043 473 1106 3.
505 1041 703 1105 inuidiosius
737 1040 772 1102 Π
796 1043 848 1122 45,
858 1043 886 1103 3.
917 1040 1130 1124 periculosior
1152 1039 1186 1102 Π

123 1156 175 1224 55.
188 1155 215 1218 3.
247 1151 464 1237 perniciosior
490 1151 524 1214 Π
546 1152 600 1227 47,
613 1153 642 1215 5.
678 1148 907 1214 tumultuosior
940 1148 974 1211 II
1011 1150 1104 1231 74,1.
1142 1187 1185 1196 -

118 1261 437 1328 contumeliosissime
459 1261 476 1324 I
501 1262 571 1342 7,1.
592 1259 862 1343 peuerosissiuaus
884 1258 918 1320 Π
937 1259 1009 1340 125,
1020 1262 1049 1323 5.
1070 1259 1185 1341 ptorio-

117 1373 272 1436 sissimus
294 1372 330 1434 Π
355 1370 429 1451 115,
441 1373 469 1434 5.
503 1369 733 1452 ptoriosissirue
760 1367 794 1430 II
823 1369 893 1448 3‚2.
927 1368 1186 1452 iupeuiosissirue

118 1483 152 1547 Π
175 1485 228 1560 48,
238 1485 267 1545 3.
298 1479 596 1564 periculosissimus
618 1478 652 1541 ΙΙ
684 1479 757 1554 105,
773 1479 799 1539 1.
830 1478 1130 1559 perniciosissimus
1151 1478 1185 1541 Π

120 1593 149 1673 7,
164 1593 191 1655 7.
226 1588 492 1673 reiipiosissiruus
514 1587 548 1649 Il
571 1588 660 1668 45,1.
683 1586 941 1669 speciosissimus
964 1587 998 1649 II
1025 1588 1117 1668 79,2.
1151 1587 1185 1650 Π

120 1699 194 1778 104,
206 1700 235 1760 2.
261 1697 493 1761 vitiosissimus
515 1697 549 1760 H
572 1695 667 1778 97,1.

124 1882 129 1893 ,
228 1804 350 1881 Quodsi
372 1827 448 1870 vero
472 1807 506 1870 Il
530 1807 610 1893 51,3
635 1805 785 1888 ‘proeliis
802 1805 941 1868 seduno
966 1805 1061 1888 longe
1080 1807 1185 1889 ruopis

119 1915 324 1998 Pompeianis
357 1915 518 1999 prospero’
554 1926 585 1980 et
618 1916 763 2000 paullulo
798 1915 882 1977 infra
909 1914 943 1977 Π
968 1916 1050 1995 52,2
1087 1915 1184 1997 ‘quod

117 2024 269 2109 (ballum)
295 2077 301 2090 .
328 2075 334 2088 .
360 2075 367 2089 .
391 2025 495 2108 ruupis
513 2046 709 2108 prosperum
742 2023 843 2088 fieret’
879 2025 1007 2104 legitur,
1033 2025 1182 2107 equidem

118 2134 274 2198 Fritschio
299 2135 458 2200 Velleium
483 2137 735 2217 comparativum
760 2135 857 2197 huius
875 2135 1028 2198 adiectivi
1045 2135 1182 2216 gradum

118 2244 226 2308 dedita
249 2263 344 2328 opera
368 2245 485 2307 vitasse
519 2241 718 2327 arbitranti2)
753 2262 820 2306 non
855 2245 1023 2307 assentior.
1081 2242 1183 2324 Magis

115 2355 203 2416 enim
239 2373 318 2417 casn
352 2373 450 2435 quam
485 2357 541 2415 aut
576 2354 700 2416 ratione
733 2353 843 2436 aliqua
878 2360 934 2415 aut
959 2353 1183 2416 observatione

117 2463 238 2526 factum
262 2482 332 2526 esse
355 2468 444 2546 puto,
476 2468 511 2525 ut
534 2465 638 2546 priore
668 2463 738 2527 loco
762 2463 1018 2545 comparativum
1043 2481 1099 2544 per
1123 2463 1182 2523 cir-

115 2574 241 2635 cuitum
265 2573 407 2654 plurium
431 2571 604 2634 verborum
628 2574 822 2653 enuntiaret,
845 2591 927 2653 qnae
950 2591 1007 2654 pro
1031 2591 1089 2634 sua
1109 2590 1182 2634 con-

116 2681 290 2744 suetudine
313 2700 411 2763 parvo
434 2681 604 2744 intervallo
628 2683 784 2764 repetivit.
831 2670 833 2675 ¹

224 2791 333 2854 Liceat
356 2790 416 2870 hic,
440 2790 525 2871 quod
549 2797 759 2873 superest-
784 2810 981 2873 quamquam
999 2795 1098 2853 totam
1114 2809 1181 2854 reru

117 2899 159 2962 ad
182 2899 394 2981 syntecticam
417 2899 571 2961 rationem
597 2902 756 2982 pertinere
779 2900 881 2962 fateor
910 2936 953 2944 —
983 2901 1095 2982 paucis
1125 2917 1181 2962 ex-

117 3026 243 3092 ponere,
268 3027 333 3089 quo
356 3008 450 3071 modo
474 3007 621 3072 Velleius
647 3010 807 3092 graduum
832 3010 896 3070 vim
924 3011 1061 3073 arixerit.
1109 3007 1181 3070 Dis-

117 3136 253 3200 crepans
278 3118 363 3180 enim
388 3137 407 3180 a
431 3118 593 3181 Ciceronis
626 3128 657 3182 et
688 3119 831 3182 Caesaris
855 3118 1099 3197 consuetudine,
1125 3118 1183 3199 qui

116 3228 167 3290 vel
191 3227 339 3290 ablativis
363 3232 399 3309 ut
422 3228 530 3309 multo,
554 3232 650 3308 toute,
674 3229 841 3310 eliquanto
861 3229 913 3290 vel
925 3222 1180 3310 particula'quae

114 3342 164 3400 est
198 3337 294 3400 ctiori
325 3334 458 3400 adiectis
493 3338 702 3419 comparativi
743 3344 931 3420 potestatem
970 3332 1180 3420 intendunt,3)

114 3444 232 3510 Noster
265 3451 488 3528 praeterquam
523 3464 588 3508 uno
625 3445 695 3508 loco
729 3446 774 3530 (ΙΙ
805 3448 910 3525 109,4
946 3444 1044 3507 ‘haud
1079 3444 1180 3506 ruulto

110 3553 215 3640 plus')
244 3555 333 3637 torpe
367 3555 557 3638 particulam
594 3555 755 3619 adhibuit:
792 3557 880 3638 loupe
914 3554 1178 3638 praestantiorem

221 3773 247 3839 1)
266 3772 296 3828 L.
316 3787 337 3826 c.
356 3788 382 3839 p.
401 3771 425 3835 9,
445 3771 492 3824 ubi
511 3769 634 3824 nonnulli
653 3770 704 3825 loci
722 3771 774 3826 huc
793 3773 957 3840 pertinentes
977 3771 1068 3824 omissi
1088 3772 1160 3824 sunt.

220 3862 430 3932 fflhcpd

219 3956 246 4019 3)
266 3952 307 4010 Cf.
324 3953 551 4022 Krobs-Allgayer
569 3955 723 4010 Antibarb.⁶
734 3972 759 4009 v.
770 3955 854 4022 toute.
892 3953 980 4008 Minus
990 3957 1062 4007 recte
1081 3953 1176 4019 Zump-

112 4047 167 4100 tius
186 4047 201 4114 ἓ
222 4045 273 4099 108
301 4047 392 4102 docet:
422 4042 520 4098 ‘Durch
549 4046 714 4114 Versetzung
742 4048 789 4099 der·
807 4046 941 4100 Adverbia
960 4046 1044 4098 etium
1063 4061 1109 4098 vor
1128 4045 1179 4097 den

111 4135 284 4206 Comparatio
302 4137 358 4189 und
377 4136 459 4202 loupe,
479 4137 575 4210 urrrtto,
604 4156 649 4192 urn
674 4137 765 4207 nieles,
783 4140 853 4202 weit,
873 4154 921 4190 vor
940 4139 991 4190 den
1011 4135 1104 4204 Comp.
1123 4135 1180 4188 und
