2782 4642
757 309 797 373 16

244 488 361 553 ferunt.
412 485 454 552 Ut
477 489 562 551 enim
588 489 746 569 omittam,
785 508 883 570 quam
919 508 984 550 non
1022 489 1087 551 veri
1122 488 1225 551 simile
1258 492 1312 571 sit,

246 604 367 662 veteres
402 599 435 659 in
471 598 624 660 orationis
660 599 867 660 exornatione
901 597 941 661 ab
975 599 1053 681 ipsis
1087 617 1146 660 nec
1180 599 1308 681 propria

246 709 457 792 appellatione
480 710 589 768 notata
612 725 672 769 nec
693 708 899 788 grammatica
925 707 1064 789 quadam
1084 705 1308 772 observatione

248 815 590 902 illuso·ata1)·minutas
606 816 787 879 istiusmodi
809 815 1001 879 subtilitates
1018 820 1215 879 consectatos
1230 834 1308 896 esse,

247 929 275 989 is
299 927 531 990 allitterationis
554 925 696 988 indolem
720 944 835 1007 parum
858 930 1055 1008 perspectam
1079 926 1207 988 videtur
1228 926 1308 989 mihi

243 1036 370 1117 habere,
394 1037 450 1118 qui
473 1036 533 1097 hoe
557 1035 692 1098 dictonis
716 1033 889 1096 artificium
920 1037 1046 1110 mentis,
1081 1054 1147 1097 non
1180 1036 1309 1098 aurium

243 1145 363 1207 iudicio
386 1144 631 1228 ponderandum
655 1162 725 1208 esse
749 1143 929 1208 arbitretur.

350 1253 411 1316 His
443 1256 629 1336 praemissis
663 1254 827 1336 reliquum
863 1259 918 1335 est,
952 1259 989 1317 ut
1023 1255 1170 1338 exempla
1203 1275 1222 1318 a
1255 1276 1308 1319 me

246 1369 397 1446 congesta
430 1365 603 1445 proferam,
638 1383 720 1446 qnae
752 1365 800 1425 ita
833 1363 988 1446 disposita
1023 1366 1169 1447 accipias,
1203 1372 1240 1427 ut
1272 1367 1307 1427 in

243 1474 346 1555 primo
371 1472 482 1536 ordine
504 1474 735 1554 ingrediantur,
759 1492 897 1554 quornm
933 1492 1028 1537 voces
1063 1494 1105 1537 ex
1131 1474 1200 1556 lege
1229 1493 1306 1556 syn-

245 1584 361 1645 tactiea
395 1583 557 1665 aptissime
592 1583 675 1645 inter
703 1601 737 1645 se
770 1588 963 1665 congruant;
1000 1583 1113 1646 deinde
1147 1583 1307 1647 addentur

246 1712 291 1771 ea,
317 1711 356 1754 er
388 1692 505 1775 quibus
536 1692 620 1754 haud
655 1711 726 1754 raro
762 1694 947 1774 scriptorem
981 1692 1232 1755 allitterationem
1271 1695 1306 1754 in

244 1801 360 1881 verbiS,
384 1820 466 1884 quae
490 1803 559 1884 lege
584 1802 691 1885 aliqua
714 1803 922 1884 grammatica
958 1803 1096 1866 alterum
1132 1821 1173 1864 en
1208 1803 1305 1865 altero

244 1912 394 1995 pendent,
419 1908 611 1993 appetivisse
634 1916 793 1993 appareat.
841 1910 1011 1975 Praeterea
1035 1916 1142 1974 autem
1164 1913 1199 1972 in
1222 1912 1307 1994 prio-

243 2023 288 2083 ris
312 2021 422 2083 elassis
446 2020 612 2101 particulis
636 2039 710 2082 eum
743 2039 862 2102 sequar
896 2022 1049 2102 ordinem,
1084 2027 1121 2083 ut
1155 2020 1309 2085 omnibus

243 2130 408 2212 exemplis,
431 2131 466 2190 in
491 2129 610 2212 quibus
636 2131 805 2193 alliteratio
840 2133 943 2214 magis
976 2130 1137 2193 ornandae
1171 2131 1307 2193 orationi

245 2259 342 2322 quam
366 2241 477 2303 sensui
500 2241 681 2302 accuratius
706 2239 930 2302 constituendo
964 2239 1121 2302 inservire
1149 2240 1305 2319 videatur,

243 2351 277 2411 in
300 2350 403 2432 prima
427 2352 520 2431 quasi
544 2350 740 2432 antepositis
764 2368 801 2411 ea
824 2351 858 2411 in
882 2348 1028 2412 subsidio
1050 2349 1211 2432 collocem,
1235 2350 1305 2432 qui-

243 2458 305 2522 bus
329 2455 486 2544 Brutum)
510 2464 685 2541 praeeunte
710 2459 937 2538 demonstrem,
963 2458 1034 2522 ‘wie
1066 2461 1099 2521 in
1133 2480 1214 2543 gana
1249 2459 1304 2522 be-

243 2569 405 2631 stimmten
428 2570 695 2651 grammatisohen
719 2568 988 2632 Construlrtionen
1014 2569 1064 2632 die
1089 2568 1304 2632 Allitteration

243 2678 317 2740 sehr
340 2676 384 2739 oft
407 2680 460 2739 ein
483 2678 635 2743 beliebtes
686 2678 755 2740 und
778 2677 955 2741 bewusstes
987 2677 1091 2741 lllittel
1122 2679 1177 2741 der
1207 2679 1306 2740 romi-

243 2787 339 2850 sehen
363 2787 534 2850 Prosailrer
560 2806 718 2871 genesen,
741 2807 797 2850 um
823 2787 873 2849 die
896 2787 1047 2851 betonten
1071 2787 1200 2850 Wdrter
1222 2787 1304 2849 noch

242 3031 326 3083 ganne
337 3014 417 3068 Krait
426 3014 472 3068 des
482 3014 640 3069 Gedankens
650 3015 752 3074 beruht
765 3015 816 3068 wie
825 3015 888 3084 Agr.
901 3017 950 3069 11:
968 3015 997 3068 in
1015 3016 1192 3085 deposcendis
1202 3013 1303 3084 pericu·

242 3107 275 3160 lis
294 3107 386 3161 eadem
406 3107 516 3160 audacia
534 3110 569 3173 et,
587 3107 634 3161 ubi
652 3109 792 3172 advenere,
813 3109 842 3160 in
861 3109 1045 3164 detrectandis
1069 3108 1161 3162 eadem
1180 3105 1304 3161 formido.

243 3198 267 3254 2.
281 3197 368 3251 Wenn
382 3198 410 3250 in
426 3201 485 3252 dem
503 3199 580 3252 einen
595 3200 641 3254 der
656 3199 752 3253 beiden
763 3199 870 3254 Glieder
882 3200 924 3254 die
933 3198 1134 3268 ursprtingliohe
1144 3198 1306 3264 Bedeutung

243 3290 289 3341 der
298 3288 468 3357 Praiposition
477 3291 552 3345 nicht
560 3291 636 3345 mehr
645 3292 761 3345 deutlich
773 3292 878 3361 gefdhlt
886 3293 959 3357 uiro,
969 3291 1019 3347 wie
1028 3291 1062 3344 H.
1072 3289 1138 3344 152:
1151 3287 1305 3344 adimendis

243 3381 472 3451 adsignandisque
490 3383 602 3438 militiae
622 3385 766 3439 ordinibus.
794 3385 819 3442 3.
838 3385 928 3438 Wenn
947 3385 976 3437 in
995 3384 1056 3436 dem
1066 3382 1147 3450 Falle,
1162 3382 1223 3435 dass
1238 3381 1304 3435 zwei

242 3473 292 3528 mit
310 3475 371 3527 dem
390 3474 575 3529 aufhebenden
596 3474 640 3530 ‘in'
660 3477 841 3544 componierte
859 3476 952 3530 Worte
982 3475 1134 3530 verbunden
1161 3473 1229 3538 sind,
1261 3472 1304 3526 ein

243 3564 392 3635 Gegensatz
411 3567 528 3622 dadurch
547 3568 673 3634 entsteht,
701 3569 762 3621 dass
790 3569 837 3621 das
865 3569 923 3622 eine
950 3568 1028 3621 einen
1052 3567 1183 3635 positiven
1204 3562 1308 3632 Begriff

243 3659 352 3726 ergiebt,
370 3660 419 3713 wie
437 3659 473 3714 H.
491 3660 506 3713 I
525 3660 574 3719 87:
594 3660 711 3714 urbanae
738 3660 852 3713 militiae
879 3660 1003 3728 impiger,
1029 3658 1161 3712 bellorum
1179 3657 1304 3710 insolens.

241 3749 267 3803 4.
286 3749 372 3804 Wenn
392 3751 435 3804 ein
453 3751 538 3816 Wort,
567 3753 613 3806 das
639 3753 690 3806 mit
714 3753 760 3806 der
779 3751 964 3820 Praeposition
984 3744 1028 3802 ‘in’
1047 3749 1304 3816 zusammengesetzt

241 3840 286 3905 ist,
304 3841 356 3895 mit
374 3842 459 3895 einem
488 3844 535 3896 des
564 3844 731 3899 aufhebende
758 3839 804 3896 ‘in’
833 3841 1023 3897 enlhaltenden
1040 3839 1133 3895 Worte
1151 3838 1305 3894 verbunden

242 3930 286 3985 ist.
323 3932 437 3987 Hierher
453 3935 571 4003 gehdren
589 3936 632 3990 die
651 3935 857 4003 Verbindungen
875 3935 925 3988 wie
943 3933 1055 3989 invidus
1073 3933 1200 3989 inimicus
1219 3934 1269 3988 etc.

349 4027 375 4093 1)
394 4025 535 4081 Boettcher
552 4026 569 4083 l.
589 4044 609 4084 c.
629 4044 654 4096 p.
676 4029 698 4081 l.

348 4117 459 4185 2)L.1.
479 4137 504 4188 p.
525 4118 584 4173 263.
604 4118 638 4172 oi.
659 4134 762 4187 quoque
780 4116 935 4171 Boetticher
953 4118 970 4175 l,
990 4133 1011 4172 c.
1031 4133 1058 4185 p.
1077 4115 1111 4168 32
1129 4133 1169 4185 sq.
