<?xml version="1.0" encoding="UTF-8"?>
<!DOCTYPE html PUBLIC "-//W3C//DTD XHTML 1.0 Transitional//EN"
    "http://www.w3.org/TR/xhtml1/DTD/xhtml1-transitional.dtd">
<html xmlns="http://www.w3.org/1999/xhtml" xml:lang="en" lang="en">
 <head>
  <title>
</title>
<meta http-equiv="Content-Type" content="text/html;charset=utf-8" />
  <meta name='ocr-system' content='tesseract 3.04.00' />
  <meta name='ocr-capabilities' content='ocr_page ocr_carea ocr_par ocr_line ocrx_word'/>
</head>
<body>
  <div class='ocr_page' id='page_1' title='image "./develleipatercu00milkgoog_0090.png"; bbox 0 0 2782 4642; ppageno 0'>
   <div class='ocr_carea' id='block_1_1' title="bbox 643 300 683 362">
    <p class='ocr_par' dir='ltr' id='par_1_1' title="bbox 643 300 683 362">
     <span class='ocr_line' id='line_1_1' title="bbox 643 300 683 362; baseline -0.025 0"><span class='ocrx_word' id='word_1_1' title='bbox 643 300 683 362; x_wconf 90' lang='lat'>81</span> 
     </span>
    </p>
   </div>
   <div class='ocr_carea' id='block_1_2' title="bbox 136 475 1202 891">
    <p class='ocr_par' dir='ltr' id='par_1_2' title="bbox 137 475 1202 668">
     <span class='ocr_line' id='line_1_2' title="bbox 137 475 1202 564; baseline 0.002 -20"><span class='ocrx_word' id='word_1_2' title='bbox 137 479 167 563; x_wconf 80' lang='lat'>†.</span> <span class='ocrx_word' id='word_1_3' title='bbox 183 477 331 545; x_wconf 73' lang='lat' dir='ltr'>enubere:</span> <span class='ocrx_word' id='word_1_4' title='bbox 368 478 490 560; x_wconf 89' lang='lat' dir='ltr'>quique</span> <span class='ocrx_word' id='word_1_5' title='bbox 517 476 633 560; x_wconf 82' lang='lat' dir='ltr'>gladiis</span> <span class='ocrx_word' id='word_1_6' title='bbox 662 475 784 539; x_wconf 89' lang='lat' dir='ltr'>domari</span> <span class='ocrx_word' id='word_1_7' title='bbox 818 497 884 540; x_wconf 91' lang='lat' dir='ltr'>non</span> <span class='ocrx_word' id='word_1_8' title='bbox 918 483 1073 562; x_wconf 78' lang='lat' dir='ltr'>poterant,</span> <span class='ocrx_word' id='word_1_9' title='bbox 1107 500 1202 564; x_wconf 89' lang='lat' dir='ltr'>posse</span> 
     </span>
     <span class='ocr_line' id='line_1_3' title="bbox 201 583 1052 668; baseline 0.001 -18"><span class='ocrx_word' id='word_1_10' title='bbox 201 589 274 650; x_wconf 89' lang='lat' dir='ltr'>iure</span> <span class='ocrx_word' id='word_1_11' title='bbox 296 586 432 648; x_wconf 85' lang='lat' dir='ltr'>mulceri</span> <span class='ocrx_word' id='word_1_12' title='bbox 454 583 488 646; x_wconf 88' lang='grc' dir='ltr'>ΙΙ</span> <span class='ocrx_word' id='word_1_13' title='bbox 513 585 585 666; x_wconf 81' lang='grc'>117,</span> <span class='ocrx_word' id='word_1_14' title='bbox 599 587 629 650; x_wconf 89' lang='grc'>3.</span> <span class='ocrx_word' id='word_1_15' title='bbox 652 619 696 633; x_wconf 83' lang='grc'>-</span> <span class='ocrx_word' id='word_1_16' title='bbox 718 584 787 648; x_wconf 71' lang='lat' dir='ltr'>Liar.</span> <span class='ocrx_word' id='word_1_17' title='bbox 810 583 910 648; x_wconf 88' lang='lat' dir='ltr'>XXV</span> <span class='ocrx_word' id='word_1_18' title='bbox 934 586 1052 668; x_wconf 80' lang='grc'>37,10.</span> 
     </span>
    </p>

    <p class='ocr_par' dir='ltr' id='par_1_3' title="bbox 136 692 1202 891">
     <span class='ocr_line' id='line_1_4' title="bbox 136 692 1202 778; baseline 0.002 -18"><span class='ocrx_word' id='word_1_19' title='bbox 136 714 276 760; x_wconf 74' lang='lat' dir='ltr'>maerere</span> <span class='ocrx_word' id='word_1_20' title='bbox 300 694 455 756; x_wconf 90' lang='lat' dir='ltr'>dicuntur</span> <span class='ocrx_word' id='word_1_21' title='bbox 476 692 628 776; x_wconf 69' lang='lat' dir='ltr'>aedificia</span> <span class='ocrx_word' id='word_1_22' title='bbox 642 695 841 778; x_wconf 88' lang='lat' dir='ltr'>privatorum</span> <span class='ocrx_word' id='word_1_23' title='bbox 858 696 1040 778; x_wconf 85' lang='lat' dir='ltr'>sumptibus</span> <span class='ocrx_word' id='word_1_24' title='bbox 1055 699 1089 760; x_wconf 93' lang='lat' dir='ltr'>in</span> <span class='ocrx_word' id='word_1_25' title='bbox 1106 717 1202 763; x_wconf 91' lang='lat' dir='ltr'>usum</span> 
     </span>
     <span class='ocr_line' id='line_1_5' title="bbox 205 802 1202 891; baseline 0.005 -27"><span class='ocrx_word' id='word_1_26' title='bbox 205 802 373 886; x_wconf 89' lang='lat' dir='ltr'>publicum</span> <span class='ocrx_word' id='word_1_27' title='bbox 398 807 573 866; x_wconf 83' lang='lat' dir='ltr'>exstructa:</span> <span class='ocrx_word' id='word_1_28' title='bbox 608 802 741 887; x_wconf 85' lang='lat' dir='ltr'>Pompei</span> <span class='ocrx_word' id='word_1_29' title='bbox 774 823 910 869; x_wconf 88' lang='lat' dir='ltr'>munera</span> <span class='ocrx_word' id='word_1_30' title='bbox 941 805 1111 890; x_wconf 90' lang='lat' dir='ltr'>absumpta</span> <span class='ocrx_word' id='word_1_31' title='bbox 1133 809 1202 891; x_wconf 82' lang='lat' dir='ltr'>igni</span> 
     </span>
    </p>
   </div>
   <div class='ocr_carea' id='block_1_3' title="bbox 205 909 1330 995">
    <p class='ocr_par' dir='ltr' id='par_1_4' title="bbox 205 909 1330 995">
     <span class='ocr_line' id='line_1_6' title="bbox 205 909 1330 995; baseline 0.004 -21"><span class='ocrx_word' id='word_1_32' title='bbox 205 912 346 975; x_wconf 85' lang='lat' dir='ltr'>restituit</span> <span class='ocrx_word' id='word_1_33' title='bbox 368 909 401 972; x_wconf 86' lang='lat' dir='ltr'>li</span> <span class='ocrx_word' id='word_1_34' title='bbox 426 911 500 993; x_wconf 86' lang='lat'>130,</span> <span class='ocrx_word' id='word_1_35' title='bbox 513 912 540 973; x_wconf 90' lang='lat'>1.</span> <span class='ocrx_word' id='word_1_36' title='bbox 563 912 712 995; x_wconf 89' lang='lat' dir='ltr'>perfectis</span> <span class='ocrx_word' id='word_1_37' title='bbox 739 914 933 978; x_wconf 92' lang='lat' dir='ltr'>muneribus</span> <span class='ocrx_word' id='word_1_38' title='bbox 956 916 1070 979; x_wconf 82' lang='lat' dir='ltr'>theatri</span> <span class='ocrx_word' id='word_1_39' title='bbox 1093 921 1124 979; x_wconf 88' lang='lat' dir='ltr'>et</span> <span class='ocrx_word' id='word_1_40' title='bbox 1147 917 1203 979; x_wconf 91' lang='lat' dir='ltr'>ali-</span> <span class='ocrx_word' id='word_1_41' title='bbox 1327 921 1330 927; x_wconf 85' lang='lat'>&#39;</span> 
     </span>
    </p>
   </div>
   <div class='ocr_carea' id='block_1_4' title="bbox 138 1022 1204 2310">
    <p class='ocr_par' dir='ltr' id='par_1_5' title="bbox 204 1022 1203 1322">
     <span class='ocr_line' id='line_1_7' title="bbox 207 1022 1201 1106; baseline 0.006 -22"><span class='ocrx_word' id='word_1_42' title='bbox 207 1040 299 1084; x_wconf 90' lang='lat' dir='ltr'>orum</span> <span class='ocrx_word' id='word_1_43' title='bbox 322 1039 454 1104; x_wconf 87' lang='lat' dir='ltr'>opernm</span> <span class='ocrx_word' id='word_1_44' title='bbox 479 1039 561 1103; x_wconf 89' lang='lat' dir='ltr'>quae</span> <span class='ocrx_word' id='word_1_45' title='bbox 585 1023 615 1085; x_wconf 92' lang='lat' dir='ltr'>ei</span> <span class='ocrx_word' id='word_1_46' title='bbox 638 1024 850 1088; x_wconf 81' lang='lat' dir='ltr'>circumdedit</span> <span class='ocrx_word' id='word_1_47' title='bbox 877 1022 912 1086; x_wconf 92' lang='lat' dir='ltr'>Il</span> <span class='ocrx_word' id='word_1_48' title='bbox 934 1025 987 1106; x_wconf 86' lang='lat'>48,</span> <span class='ocrx_word' id='word_1_49' title='bbox 1001 1025 1028 1087; x_wconf 83' lang='lat'>2.</span> <span class='ocrx_word' id='word_1_50' title='bbox 1063 1060 1106 1071; x_wconf 88' lang='lat'>—</span> <span class='ocrx_word' id='word_1_51' title='bbox 1142 1023 1201 1090; x_wconf 86' lang='lat' dir='ltr'>Ov.</span> 
     </span>
     <span class='ocr_line' id='line_1_8' title="bbox 206 1126 1203 1215; baseline 0.003 -21"><span class='ocrx_word' id='word_1_52' title='bbox 206 1151 233 1195; x_wconf 91' lang='lat' dir='ltr'>a.</span> <span class='ocrx_word' id='word_1_53' title='bbox 257 1151 285 1193; x_wconf 91' lang='lat' dir='ltr'>a.</span> <span class='ocrx_word' id='word_1_54' title='bbox 307 1130 324 1192; x_wconf 91' lang='grc' dir='ltr'>Ι</span> <span class='ocrx_word' id='word_1_55' title='bbox 348 1129 390 1192; x_wconf 87' lang='grc'>69</span> <span class='ocrx_word' id='word_1_56' title='bbox 412 1126 464 1214; x_wconf 85' lang='lat' dir='ltr'>(cf.</span> <span class='ocrx_word' id='word_1_57' title='bbox 488 1135 598 1193; x_wconf 89' lang='lat' dir='ltr'>tamen</span> <span class='ocrx_word' id='word_1_58' title='bbox 622 1129 683 1194; x_wconf 81' lang='lat' dir='ltr'>Cic.</span> <span class='ocrx_word' id='word_1_59' title='bbox 709 1131 802 1199; x_wconf 81' lang='lat' dir='ltr'>Tusc.</span> <span class='ocrx_word' id='word_1_60' title='bbox 826 1132 842 1195; x_wconf 93' lang='grc' dir='ltr'>Ι</span> <span class='ocrx_word' id='word_1_61' title='bbox 864 1132 916 1215; x_wconf 84' lang='lat'>28,</span> <span class='ocrx_word' id='word_1_62' title='bbox 930 1131 984 1195; x_wconf 77' lang='lat'>70:</span> <span class='ocrx_word' id='word_1_63' title='bbox 1022 1133 1203 1199; x_wconf 83' lang='lat' dir='ltr'>moderator</span> 
     </span>
     <span class='ocr_line' id='line_1_9' title="bbox 204 1238 658 1322; baseline 0.004 -19"><span class='ocrx_word' id='word_1_64' title='bbox 204 1241 285 1303; x_wconf 89' lang='lat' dir='ltr'>tanti</span> <span class='ocrx_word' id='word_1_65' title='bbox 309 1240 412 1322; x_wconf 91' lang='lat' dir='ltr'>operis</span> <span class='ocrx_word' id='word_1_66' title='bbox 436 1245 468 1303; x_wconf 89' lang='lat' dir='ltr'>et</span> <span class='ocrx_word' id='word_1_67' title='bbox 490 1238 658 1320; x_wconf 88' lang='lat' dir='ltr'>muneris).</span> 
     </span>
    </p>

    <p class='ocr_par' dir='ltr' id='par_1_6' title="bbox 138 1348 1204 1866">
     <span class='ocr_line' id='line_1_10' title="bbox 138 1348 1203 1434; baseline 0 -20"><span class='ocrx_word' id='word_1_68' title='bbox 138 1370 274 1415; x_wconf 72' lang='grc'>0000000</span> <span class='ocrx_word' id='word_1_69' title='bbox 305 1350 407 1431; x_wconf 78' lang='lat' dir='ltr'>alque:</span> <span class='ocrx_word' id='word_1_70' title='bbox 444 1348 501 1411; x_wconf 91' lang='lat' dir='ltr'>sed</span> <span class='ocrx_word' id='word_1_71' title='bbox 536 1349 640 1431; x_wconf 91' lang='lat' dir='ltr'>operis</span> <span class='ocrx_word' id='word_1_72' title='bbox 676 1349 791 1414; x_wconf 90' lang='lat' dir='ltr'>modus</span> <span class='ocrx_word' id='word_1_73' title='bbox 825 1352 936 1434; x_wconf 90' lang='lat' dir='ltr'>paucis</span> <span class='ocrx_word' id='word_1_74' title='bbox 970 1371 1045 1416; x_wconf 90' lang='lat' dir='ltr'>enm</span> <span class='ocrx_word' id='word_1_75' title='bbox 1078 1354 1203 1416; x_wconf 91' lang='lat' dir='ltr'>narrari</span> 
     </span>
     <span class='ocr_line' id='line_1_11' title="bbox 204 1455 1203 1544; baseline 0.002 -21"><span class='ocrx_word' id='word_1_76' title='bbox 204 1459 294 1523; x_wconf 91' lang='lat' dir='ltr'>iubet</span> <span class='ocrx_word' id='word_1_77' title='bbox 316 1457 350 1521; x_wconf 91' lang='grc' dir='ltr'>ΙΙ</span> <span class='ocrx_word' id='word_1_78' title='bbox 375 1458 428 1538; x_wconf 80' lang='lat'>29,</span> <span class='ocrx_word' id='word_1_79' title='bbox 440 1458 470 1522; x_wconf 83' lang='lat'>2.</span> <span class='ocrx_word' id='word_1_80' title='bbox 505 1493 550 1502; x_wconf 95' lang='grc'><strong>-</strong></span> <span class='ocrx_word' id='word_1_81' title='bbox 586 1455 674 1533; x_wconf 77' lang='lat' dir='ltr'>Quae</span> <span class='ocrx_word' id='word_1_82' title='bbox 707 1462 869 1523; x_wconf 90' lang='lat' dir='ltr'>structura</span> <span class='ocrx_word' id='word_1_83' title='bbox 897 1462 991 1524; x_wconf 88' lang='lat' dir='ltr'>etiam</span> <span class='ocrx_word' id='word_1_84' title='bbox 1015 1463 1203 1544; x_wconf 89' lang='lat' dir='ltr'>antiquissi-</span> 
     </span>
     <span class='ocr_line' id='line_1_12' title="bbox 205 1565 1203 1654; baseline 0.004 -23"><span class='ocrx_word' id='word_1_85' title='bbox 205 1570 268 1631; x_wconf 87' lang='lat' dir='ltr'>mis</span> <span class='ocrx_word' id='word_1_86' title='bbox 291 1567 394 1650; x_wconf 89' lang='lat' dir='ltr'>poetis</span> <span class='ocrx_word' id='word_1_87' title='bbox 418 1566 496 1628; x_wconf 88' lang='lat' dir='ltr'>satis</span> <span class='ocrx_word' id='word_1_88' title='bbox 521 1567 635 1629; x_wconf 90' lang='lat' dir='ltr'>usitata</span> <span class='ocrx_word' id='word_1_89' title='bbox 657 1565 814 1648; x_wconf 88' lang='lat' dir='ltr'>pedestris</span> <span class='ocrx_word' id='word_1_90' title='bbox 839 1571 990 1632; x_wconf 90' lang='lat' dir='ltr'>orationis</span> <span class='ocrx_word' id='word_1_91' title='bbox 1014 1574 1203 1654; x_wconf 88' lang='lat' dir='ltr'>scriptorum</span> 
     </span>
     <span class='ocr_line' id='line_1_13' title="bbox 206 1676 1203 1762; baseline 0.003 -20"><span class='ocrx_word' id='word_1_92' title='bbox 206 1679 291 1762; x_wconf 88' lang='lat' dir='ltr'>apud</span> <span class='ocrx_word' id='word_1_93' title='bbox 306 1676 468 1740; x_wconf 87' lang='lat' dir='ltr'>Velleium</span> <span class='ocrx_word' id='word_1_94' title='bbox 491 1676 631 1757; x_wconf 89' lang='lat' dir='ltr'>primum</span> <span class='ocrx_word' id='word_1_95' title='bbox 654 1677 821 1758; x_wconf 91' lang='lat' dir='ltr'>reperitur.</span> <span class='ocrx_word' id='word_1_96' title='bbox 867 1677 981 1760; x_wconf 86' lang='lat' dir='ltr'>Neque</span> <span class='ocrx_word' id='word_1_97' title='bbox 996 1683 1105 1744; x_wconf 90' lang='lat' dir='ltr'>tamen</span> <span class='ocrx_word' id='word_1_98' title='bbox 1120 1681 1203 1745; x_wconf 88' lang='lat' dir='ltr'>hane</span> 
     </span>
     <span class='ocr_line' id='line_1_14' title="bbox 208 1788 1204 1866; baseline 0.002 -16"><span class='ocrx_word' id='word_1_99' title='bbox 208 1788 357 1851; x_wconf 90' lang='lat' dir='ltr'>idoneam</span> <span class='ocrx_word' id='word_1_100' title='bbox 382 1803 452 1848; x_wconf 90' lang='lat' dir='ltr'>esse</span> <span class='ocrx_word' id='word_1_101' title='bbox 476 1803 617 1866; x_wconf 87' lang='lat' dir='ltr'>causam,</span> <span class='ocrx_word' id='word_1_102' title='bbox 641 1804 700 1847; x_wconf 91' lang='lat' dir='ltr'>cur</span> <span class='ocrx_word' id='word_1_103' title='bbox 723 1804 797 1848; x_wconf 82' lang='lat' dir='ltr'>eam</span> <span class='ocrx_word' id='word_1_104' title='bbox 820 1791 965 1851; x_wconf 88' lang='lat' dir='ltr'>mutetur</span> <span class='ocrx_word' id='word_1_105' title='bbox 978 1789 1013 1850; x_wconf 92' lang='lat' dir='ltr'>in</span> <span class='ocrx_word' id='word_1_106' title='bbox 1032 1790 1204 1852; x_wconf 84' lang='lat' dir='ltr'>eom-id</span> 
     </span>
    </p>

    <p class='ocr_par' dir='ltr' id='par_1_7' title="bbox 139 1893 1203 2200">
     <span class='ocr_line' id='line_1_15' title="bbox 139 1893 1203 1980; baseline 0.003 -21"><span class='ocrx_word' id='word_1_107' title='bbox 139 1905 141 1910; x_wconf 84' lang='grc'><strong>’</strong></span> <span class='ocrx_word' id='word_1_108' title='bbox 209 1896 295 1980; x_wconf 88' lang='lat' dir='ltr'>quod</span> <span class='ocrx_word' id='word_1_109' title='bbox 319 1894 463 1958; x_wconf 82' lang='lat' dir='ltr'>Krilzius</span> <span class='ocrx_word' id='word_1_110' title='bbox 486 1894 571 1975; x_wconf 89' lang='lat' dir='ltr'>fecit,</span> <span class='ocrx_word' id='word_1_111' title='bbox 591 1893 742 1958; x_wconf 84' lang='lat' dir='ltr'>Halmius</span> <span class='ocrx_word' id='word_1_112' title='bbox 765 1894 869 1959; x_wconf 87' lang='lat' dir='ltr'>facere</span> <span class='ocrx_word' id='word_1_113' title='bbox 892 1914 926 1959; x_wconf 89' lang='lat' dir='ltr'>se</span> <span class='ocrx_word' id='word_1_114' title='bbox 949 1897 1044 1960; x_wconf 86' lang='lat' dir='ltr'>malle</span> <span class='ocrx_word' id='word_1_115' title='bbox 1073 1898 1203 1962; x_wconf 89' lang='lat' dir='ltr'>confite-</span> 
     </span>
     <span class='ocr_line' id='line_1_16' title="bbox 208 2003 1203 2092; baseline 0.004 -23"><span class='ocrx_word' id='word_1_116' title='bbox 208 2011 264 2069; x_wconf 91' lang='lat' dir='ltr'>tur</span> <span class='ocrx_word' id='word_1_117' title='bbox 287 2041 329 2052; x_wconf 84' lang='lat'>·-</span> <span class='ocrx_word' id='word_1_118' title='bbox 355 2005 503 2086; x_wconf 90' lang='lat' dir='ltr'>quisquis</span> <span class='ocrx_word' id='word_1_119' title='bbox 528 2008 724 2086; x_wconf 85' lang='lat' dir='ltr'>quantopere</span> <span class='ocrx_word' id='word_1_120' title='bbox 739 2003 856 2067; x_wconf 87' lang='lat' dir='ltr'>Noster</span> <span class='ocrx_word' id='word_1_121' title='bbox 879 2005 1054 2070; x_wconf 89' lang='lat' dir='ltr'>delectatus</span> <span class='ocrx_word' id='word_1_122' title='bbox 1077 2009 1118 2071; x_wconf 88' lang='lat' dir='ltr'>sit</span> <span class='ocrx_word' id='word_1_123' title='bbox 1133 2028 1203 2092; x_wconf 90' lang='lat' dir='ltr'>poe-</span> 
     </span>
     <span class='ocr_line' id='line_1_17' title="bbox 208 2112 1128 2200; baseline 0.002 -21"><span class='ocrx_word' id='word_1_124' title='bbox 208 2121 313 2179; x_wconf 89' lang='lat' dir='ltr'>tarum</span> <span class='ocrx_word' id='word_1_125' title='bbox 337 2112 444 2176; x_wconf 87' lang='lat' dir='ltr'>verbis</span> <span class='ocrx_word' id='word_1_126' title='bbox 468 2117 499 2175; x_wconf 90' lang='lat' dir='ltr'>et</span> <span class='ocrx_word' id='word_1_127' title='bbox 521 2113 698 2195; x_wconf 78' lang='lat' dir='ltr'>sententiis,</span> <span class='ocrx_word' id='word_1_128' title='bbox 721 2117 931 2197; x_wconf 80' lang='lat' dir='ltr'>perspexerit,</span> <span class='ocrx_word' id='word_1_129' title='bbox 954 2116 1128 2200; x_wconf 84' lang='lat' dir='ltr'>intelleget.</span> 
     </span>
    </p>

    <p class='ocr_par' dir='ltr' id='par_1_8' title="bbox 139 2221 1202 2310">
     <span class='ocr_line' id='line_1_18' title="bbox 139 2221 1202 2310; baseline 0 -22"><span class='ocrx_word' id='word_1_130' title='bbox 139 2226 163 2310; x_wconf 80' lang='lat'><strong>†</strong></span> <span class='ocrx_word' id='word_1_131' title='bbox 186 2225 271 2288; x_wconf 78' lang='lat' dir='ltr'>obire</span> <span class='ocrx_word' id='word_1_132' title='bbox 294 2221 393 2287; x_wconf 86' lang='lat' dir='ltr'>absol.</span> <span class='ocrx_word' id='word_1_133' title='bbox 417 2222 548 2304; x_wconf 89' lang='lat' dir='ltr'>ponitur</span> <span class='ocrx_word' id='word_1_134' title='bbox 570 2242 627 2305; x_wconf 91' lang='lat' dir='ltr'>pro</span> <span class='ocrx_word' id='word_1_135' title='bbox 642 2227 777 2286; x_wconf 77' lang='lat' dir='ltr'>mortem</span> <span class='ocrx_word' id='word_1_136' title='bbox 792 2223 878 2286; x_wconf 77' lang='lat' dir='ltr'>obire</span> <span class='ocrx_word' id='word_1_137' title='bbox 901 2224 1047 2305; x_wconf 62' lang='grc'>11472.</span> <span class='ocrx_word' id='word_1_138' title='bbox 1069 2225 1103 2287; x_wconf 93' lang='grc' dir='ltr'>Π</span> <span class='ocrx_word' id='word_1_139' title='bbox 1117 2223 1202 2307; x_wconf 61' lang='lat' dir='ltr'>aaa</span> 
     </span>
    </p>
   </div>
   <div class='ocr_carea' id='block_1_5' title="bbox 203 2320 1333 2415">
    <p class='ocr_par' dir='ltr' id='par_1_9' title="bbox 203 2320 1333 2415">
     <span class='ocr_line' id='line_1_19' title="bbox 203 2320 1333 2415; baseline 0 -17"><span class='ocrx_word' id='word_1_140' title='bbox 203 2333 377 2415; x_wconf 83' lang='lat'>11102,1.</span> <span class='ocrx_word' id='word_1_141' title='bbox 408 2320 451 2378; x_wconf 52' lang='lat'>-&#39;</span> <span class='ocrx_word' id='word_1_142' title='bbox 481 2330 560 2396; x_wconf 92' lang='lat' dir='ltr'>Hor.</span> <span class='ocrx_word' id='word_1_143' title='bbox 585 2332 654 2399; x_wconf 88' lang='lat' dir='ltr'>Liv.</span> <span class='ocrx_word' id='word_1_144' title='bbox 679 2335 709 2397; x_wconf 84' lang='lat' dir='ltr'>V</span> <span class='ocrx_word' id='word_1_145' title='bbox 734 2332 852 2413; x_wconf 84' lang='lat'>39,13.</span> <span class='ocrx_word' id='word_1_146' title='bbox 888 2367 931 2377; x_wconf 91' lang='lat'>-</span> <span class='ocrx_word' id='word_1_147' title='bbox 967 2332 1055 2395; x_wconf 90' lang='lat' dir='ltr'>obire</span> <span class='ocrx_word' id='word_1_148' title='bbox 1089 2335 1203 2398; x_wconf 83' lang='lat' dir='ltr'>volun·</span> <span class='ocrx_word' id='word_1_149' title='bbox 1331 2338 1333 2344; x_wconf 87' lang='grc'><strong>’</strong></span> 
     </span>
    </p>
   </div>
   <div class='ocr_carea' id='block_1_6' title="bbox 136 2438 1205 4055">
    <p class='ocr_par' dir='ltr' id='par_1_10' title="bbox 206 2438 1105 2519">
     <span class='ocr_line' id='line_1_20' title="bbox 206 2438 1105 2519; baseline -0.006 -11"><span class='ocrx_word' id='word_1_150' title='bbox 206 2445 286 2508; x_wconf 89' lang='lat' dir='ltr'>taria</span> <span class='ocrx_word' id='word_1_151' title='bbox 309 2445 413 2505; x_wconf 86' lang='lat' dir='ltr'>morte</span> <span class='ocrx_word' id='word_1_152' title='bbox 436 2441 471 2503; x_wconf 90' lang='lat' dir='ltr'>Il</span> <span class='ocrx_word' id='word_1_153' title='bbox 495 2442 547 2519; x_wconf 86' lang='grc'>87,</span> <span class='ocrx_word' id='word_1_154' title='bbox 561 2438 591 2504; x_wconf 86' lang='grc'>3.</span> <span class='ocrx_word' id='word_1_155' title='bbox 616 2475 659 2487; x_wconf 92' lang='grc'>-</span> <span class='ocrx_word' id='word_1_156' title='bbox 683 2439 794 2503; x_wconf 91' lang='lat' dir='ltr'>morbo</span> <span class='ocrx_word' id='word_1_157' title='bbox 819 2439 907 2502; x_wconf 89' lang='lat' dir='ltr'>obire</span> <span class='ocrx_word' id='word_1_158' title='bbox 930 2438 964 2501; x_wconf 93' lang='grc' dir='ltr'>Π</span> <span class='ocrx_word' id='word_1_159' title='bbox 989 2441 1061 2519; x_wconf 84' lang='grc'>102,</span> <span class='ocrx_word' id='word_1_160' title='bbox 1076 2443 1105 2503; x_wconf 86' lang='grc'>4.</span> 
     </span>
    </p>

    <p class='ocr_par' dir='ltr' id='par_1_11' title="bbox 138 2548 1205 2851">
     <span class='ocr_line' id='line_1_21' title="bbox 138 2548 1204 2638; baseline 0 -22"><span class='ocrx_word' id='word_1_161' title='bbox 138 2548 337 2638; x_wconf 51' lang='grc' dir='ltr'>770ὸεὶ00071</span> <span class='ocrx_word' id='word_1_162' title='bbox 358 2553 379 2616; x_wconf 91' lang='lat' dir='ltr'>i.</span> <span class='ocrx_word' id='word_1_163' title='bbox 405 2571 430 2614; x_wconf 92' lang='lat' dir='ltr'>s.</span> <span class='ocrx_word' id='word_1_164' title='bbox 457 2571 485 2632; x_wconf 89' lang='lat' dir='ltr'>q.</span> <span class='ocrx_word' id='word_1_165' title='bbox 513 2548 674 2630; x_wconf 81' lang='lat' dir='ltr'>obductae,</span> <span class='ocrx_word' id='word_1_166' title='bbox 710 2549 856 2612; x_wconf 83' lang='lat' dir='ltr'>obrutus:</span> <span class='ocrx_word' id='word_1_167' title='bbox 891 2548 1034 2631; x_wconf 88' lang='lat' dir='ltr'>sepultae</span> <span class='ocrx_word' id='word_1_168' title='bbox 1069 2570 1106 2614; x_wconf 89' lang='lat' dir='ltr'>ao</span> <span class='ocrx_word' id='word_1_169' title='bbox 1140 2554 1204 2616; x_wconf 87' lang='lat' dir='ltr'>situ</span> 
     </span>
     <span class='ocr_line' id='line_1_22' title="bbox 208 2656 1205 2743; baseline 0 -19"><span class='ocrx_word' id='word_1_170' title='bbox 208 2661 328 2725; x_wconf 85' lang='lat' dir='ltr'>obsitae</span> <span class='ocrx_word' id='word_1_171' title='bbox 351 2659 528 2743; x_wconf 79' lang='lat' dir='ltr'>(oppositae</span> <span class='ocrx_word' id='word_1_172' title='bbox 551 2656 671 2743; x_wconf 81' lang='lat' dir='ltr'>MAP)</span> <span class='ocrx_word' id='word_1_173' title='bbox 693 2659 826 2736; x_wconf 88' lang='lat' dir='ltr'>iustitia,</span> <span class='ocrx_word' id='word_1_174' title='bbox 860 2659 1014 2741; x_wconf 87' lang='lat' dir='ltr'>aequitas,</span> <span class='ocrx_word' id='word_1_175' title='bbox 1045 2661 1205 2725; x_wconf 90' lang='lat' dir='ltr'>industria</span> 
     </span>
     <span class='ocr_line' id='line_1_23' title="bbox 207 2769 381 2851; baseline 0.017 -20"><span class='ocrx_word' id='word_1_176' title='bbox 207 2770 241 2831; x_wconf 92' lang='lat' dir='ltr'>Il</span> <span class='ocrx_word' id='word_1_177' title='bbox 266 2769 338 2851; x_wconf 81' lang='lat'>126,</span> <span class='ocrx_word' id='word_1_178' title='bbox 351 2771 381 2834; x_wconf 82' lang='lat'>2.</span> 
     </span>
    </p>

    <p class='ocr_par' dir='ltr' id='par_1_12' title="bbox 140 2876 1203 3069">
     <span class='ocr_line' id='line_1_24' title="bbox 140 2876 1203 2961; baseline 0.002 -19"><span class='ocrx_word' id='word_1_179' title='bbox 140 2879 226 2943; x_wconf 77' lang='lat' dir='ltr'>orbis</span> <span class='ocrx_word' id='word_1_180' title='bbox 251 2877 349 2942; x_wconf 89' lang='lat' dir='ltr'>absol.</span> <span class='ocrx_word' id='word_1_181' title='bbox 371 2879 501 2961; x_wconf 93' lang='lat' dir='ltr'>ponitur</span> <span class='ocrx_word' id='word_1_182' title='bbox 523 2896 580 2960; x_wconf 91' lang='lat' dir='ltr'>pro</span> <span class='ocrx_word' id='word_1_183' title='bbox 603 2876 676 2940; x_wconf 76' lang='lat' dir='ltr'>orbe</span> <span class='ocrx_word' id='word_1_184' title='bbox 699 2881 860 2939; x_wconf 77' lang='lat' dir='ltr'>terrarum</span> <span class='ocrx_word' id='word_1_185' title='bbox 889 2897 914 2940; x_wconf 92' lang='lat' dir='ltr'>s.</span> <span class='ocrx_word' id='word_1_186' title='bbox 943 2882 1055 2941; x_wconf 78' lang='lat' dir='ltr'>terroe:</span> <span class='ocrx_word' id='word_1_187' title='bbox 1092 2879 1109 2942; x_wconf 93' lang='lat' dir='ltr'>I</span> <span class='ocrx_word' id='word_1_188' title='bbox 1133 2881 1163 2961; x_wconf 84' lang='lat'>2,</span> <span class='ocrx_word' id='word_1_189' title='bbox 1176 2882 1203 2944; x_wconf 89' lang='lat'>3.</span> 
     </span>
     <span class='ocr_line' id='line_1_25' title="bbox 207 2985 731 3069; baseline 0.002 -19"><span class='ocrx_word' id='word_1_190' title='bbox 207 2985 731 3069; x_wconf 77' lang='lat' dir='ltr'>H31,2.1146,r.11124,1.</span> 
     </span>
    </p>

    <p class='ocr_par' dir='ltr' id='par_1_13' title="bbox 136 3095 781 3180">
     <span class='ocr_line' id='line_1_26' title="bbox 136 3095 781 3180; baseline -0.002 -20"><span class='ocrx_word' id='word_1_191' title='bbox 136 3102 234 3180; x_wconf 84' lang='lat' dir='ltr'>pacta</span> <span class='ocrx_word' id='word_1_192' title='bbox 257 3095 358 3160; x_wconf 88' lang='lat' dir='ltr'>subst.</span> <span class='ocrx_word' id='word_1_193' title='bbox 382 3098 404 3159; x_wconf 92' lang='lat' dir='ltr'>i.</span> <span class='ocrx_word' id='word_1_194' title='bbox 429 3118 458 3180; x_wconf 87' lang='lat' dir='ltr'>q.</span> <span class='ocrx_word' id='word_1_195' title='bbox 481 3117 600 3180; x_wconf 82' lang='lat' dir='ltr'>sponsa</span> <span class='ocrx_word' id='word_1_196' title='bbox 623 3117 652 3158; x_wconf 76' lang='lat' dir='ltr'>r.</span> <span class='ocrx_word' id='word_1_197' title='bbox 675 3117 704 3180; x_wconf 91' lang='lat' dir='ltr'>p.</span> <span class='ocrx_word' id='word_1_198' title='bbox 729 3096 781 3159; x_wconf 82' lang='lat'>48.</span> 
     </span>
    </p>

    <p class='ocr_par' dir='ltr' id='par_1_14' title="bbox 138 3206 1204 3843">
     <span class='ocr_line' id='line_1_27' title="bbox 138 3206 1203 3290; baseline 0.003 -20"><span class='ocrx_word' id='word_1_199' title='bbox 138 3211 305 3290; x_wconf 76' lang='lat' dir='ltr'>penetrare</span> <span class='ocrx_word' id='word_1_200' title='bbox 327 3211 493 3289; x_wconf 91' lang='lat' dir='ltr'>poetarum</span> <span class='ocrx_word' id='word_1_201' title='bbox 515 3223 604 3268; x_wconf 90' lang='lat' dir='ltr'>more</span> <span class='ocrx_word' id='word_1_202' title='bbox 628 3224 702 3267; x_wconf 89' lang='lat' dir='ltr'>oum</span> <span class='ocrx_word' id='word_1_203' title='bbox 726 3223 793 3268; x_wconf 88' lang='lat' dir='ltr'>acc.</span> <span class='ocrx_word' id='word_1_204' title='bbox 809 3206 959 3269; x_wconf 90' lang='lat' dir='ltr'>iunctum</span> <span class='ocrx_word' id='word_1_205' title='bbox 975 3227 1041 3271; x_wconf 95' lang='lat' dir='ltr'>non</span> <span class='ocrx_word' id='word_1_206' title='bbox 1057 3208 1097 3271; x_wconf 90' lang='lat' dir='ltr'>de</span> <span class='ocrx_word' id='word_1_207' title='bbox 1109 3211 1203 3273; x_wconf 90' lang='lat' dir='ltr'>terris</span> 
     </span>
     <span class='ocr_line' id='line_1_28' title="bbox 207 3314 1202 3399; baseline 0.002 -20"><span class='ocrx_word' id='word_1_208' title='bbox 207 3321 334 3380; x_wconf 89' lang='lat' dir='ltr'>tanturn</span> <span class='ocrx_word' id='word_1_209' title='bbox 373 3317 431 3380; x_wconf 90' lang='lat' dir='ltr'>sed</span> <span class='ocrx_word' id='word_1_210' title='bbox 466 3317 561 3380; x_wconf 88' lang='lat' dir='ltr'>etiam</span> <span class='ocrx_word' id='word_1_211' title='bbox 598 3314 636 3376; x_wconf 90' lang='lat' dir='ltr'>de</span> <span class='ocrx_word' id='word_1_212' title='bbox 670 3314 821 3396; x_wconf 85' lang='lat' dir='ltr'>gentibus</span> <span class='ocrx_word' id='word_1_213' title='bbox 856 3315 989 3379; x_wconf 91' lang='lat' dir='ltr'>dicitur:</span> <span class='ocrx_word' id='word_1_214' title='bbox 1028 3320 1202 3399; x_wconf 84' lang='lat' dir='ltr'>penetratis</span> 
     </span>
     <span class='ocr_line' id='line_1_29' title="bbox 208 3423 1203 3509; baseline 0 -20"><span class='ocrx_word' id='word_1_215' title='bbox 208 3425 358 3490; x_wconf 92' lang='lat' dir='ltr'>omnibus</span> <span class='ocrx_word' id='word_1_216' title='bbox 381 3425 558 3509; x_wconf 86' lang='lat' dir='ltr'>Hispaniae</span> <span class='ocrx_word' id='word_1_217' title='bbox 581 3423 732 3508; x_wconf 90' lang='lat' dir='ltr'>gentibus</span> <span class='ocrx_word' id='word_1_218' title='bbox 754 3423 789 3486; x_wconf 90' lang='grc' dir='ltr'>Π</span> <span class='ocrx_word' id='word_1_219' title='bbox 814 3425 882 3501; x_wconf 87' lang='grc'><strong>5,1.</strong></span> <span class='ocrx_word' id='word_1_220' title='bbox 910 3429 1093 3509; x_wconf 88' lang='lat' dir='ltr'>penetratae</span> <span class='ocrx_word' id='word_1_221' title='bbox 1128 3445 1203 3489; x_wconf 91' lang='lat' dir='ltr'>cum</span> 
     </span>
     <span class='ocr_line' id='line_1_30' title="bbox 207 3532 1204 3617; baseline 0.002 -21"><span class='ocrx_word' id='word_1_222' title='bbox 207 3536 341 3598; x_wconf 88' lang='lat' dir='ltr'>victoria</span> <span class='ocrx_word' id='word_1_223' title='bbox 364 3534 480 3613; x_wconf 90' lang='lat' dir='ltr'>Media,</span> <span class='ocrx_word' id='word_1_224' title='bbox 515 3534 663 3616; x_wconf 84' lang='lat' dir='ltr'>Albania,</span> <span class='ocrx_word' id='word_1_225' title='bbox 697 3534 833 3598; x_wconf 88' lang='lat' dir='ltr'>Hiberia</span> <span class='ocrx_word' id='word_1_226' title='bbox 860 3534 895 3595; x_wconf 92' lang='grc' dir='ltr'>Π</span> <span class='ocrx_word' id='word_1_227' title='bbox 918 3532 1011 3615; x_wconf 81' lang='grc'>40,1.</span> <span class='ocrx_word' id='word_1_228' title='bbox 1035 3532 1085 3596; x_wconf 92' lang='lat' dir='ltr'>bis</span> <span class='ocrx_word' id='word_1_229' title='bbox 1108 3554 1204 3617; x_wconf 92' lang='lat' dir='ltr'>pene-</span> 
     </span>
     <span class='ocr_line' id='line_1_31' title="bbox 208 3641 1203 3727; baseline 0 -21"><span class='ocrx_word' id='word_1_230' title='bbox 208 3648 290 3707; x_wconf 88' lang='lat' dir='ltr'>trata</span> <span class='ocrx_word' id='word_1_231' title='bbox 313 3644 484 3708; x_wconf 83' lang='lat' dir='ltr'>Germania</span> <span class='ocrx_word' id='word_1_232' title='bbox 506 3643 540 3706; x_wconf 90' lang='lat' dir='ltr'>Il</span> <span class='ocrx_word' id='word_1_233' title='bbox 560 3645 652 3723; x_wconf 86' lang='grc'>47,1.</span> <span class='ocrx_word' id='word_1_234' title='bbox 676 3648 841 3727; x_wconf 90' lang='lat' dir='ltr'>penetrata</span> <span class='ocrx_word' id='word_1_235' title='bbox 865 3642 1017 3704; x_wconf 87' lang='lat' dir='ltr'>ulteriora</span> <span class='ocrx_word' id='word_1_236' title='bbox 1040 3641 1203 3725; x_wconf 86' lang='lat'>11105,1.</span> 
     </span>
     <span class='ocr_line' id='line_1_32' title="bbox 207 3752 963 3843; baseline -0.003 -27"><span class='ocrx_word' id='word_1_237' title='bbox 207 3791 250 3801; x_wconf 90' lang='lat'><strong>—</strong></span> <span class='ocrx_word' id='word_1_238' title='bbox 273 3753 367 3818; x_wconf 69' lang='lat' dir='ltr'>Irucr.</span> <span class='ocrx_word' id='word_1_239' title='bbox 391 3753 488 3837; x_wconf 84' lang='lat' dir='ltr'>Verg.</span> <span class='ocrx_word' id='word_1_240' title='bbox 513 3752 591 3816; x_wconf 85' lang='lat' dir='ltr'>Hor.</span> <span class='ocrx_word' id='word_1_241' title='bbox 961 3839 963 3843; x_wconf 10' lang='lat' dir='ltr'>y</span> 
     </span>
    </p>

    <p class='ocr_par' dir='ltr' id='par_1_15' title="bbox 140 3859 1204 3947">
     <span class='ocr_line' id='line_1_33' title="bbox 140 3859 1204 3947; baseline -0.001 -21"><span class='ocrx_word' id='word_1_242' title='bbox 140 3862 317 3947; x_wconf 79' lang='lat' dir='ltr'>†perm&#39;a:</span> <span class='ocrx_word' id='word_1_243' title='bbox 355 3869 506 3945; x_wconf 89' lang='lat' dir='ltr'>quattuor</span> <span class='ocrx_word' id='word_1_244' title='bbox 537 3867 568 3925; x_wconf 93' lang='lat' dir='ltr'>et</span> <span class='ocrx_word' id='word_1_245' title='bbox 601 3864 715 3945; x_wconf 85' lang='lat' dir='ltr'>viginti</span> <span class='ocrx_word' id='word_1_246' title='bbox 739 3859 871 3923; x_wconf 89' lang='lat' dir='ltr'>milibus</span> <span class='ocrx_word' id='word_1_247' title='bbox 893 3861 1051 3923; x_wconf 87' lang='lat' dir='ltr'>iuvenum</span> <span class='ocrx_word' id='word_1_248' title='bbox 1076 3863 1204 3944; x_wconf 86' lang='lat' dir='ltr'>coactis,</span> 
     </span>
    </p>

    <p class='ocr_par' dir='ltr' id='par_1_16' title="bbox 162 3956 756 4055">
     <span class='ocr_line' id='line_1_34' title="bbox 162 3956 756 4055; baseline 0.002 -21"><span class='ocrx_word' id='word_1_249' title='bbox 162 3956 165 3962; x_wconf 42' lang='lat'><strong><em>⁴</em></strong></span> <span class='ocrx_word' id='word_1_250' title='bbox 208 3973 375 4036; x_wconf 80' lang='lat' dir='ltr'>velocitate</span> <span class='ocrx_word' id='word_1_251' title='bbox 398 3971 583 4055; x_wconf 89' lang='lat' dir='ltr'>pernicibus</span> <span class='ocrx_word' id='word_1_252' title='bbox 605 3971 640 4034; x_wconf 92' lang='grc' dir='ltr'>ΙΙ</span> <span class='ocrx_word' id='word_1_253' title='bbox 665 3970 756 4054; x_wconf 78' lang='lat' dir='ltr'>34,l.</span> 
     </span>
    </p>
   </div>
   <div class='ocr_carea' id='block_1_7' title="bbox 135 4079 1202 4248">
    <p class='ocr_par' dir='ltr' id='par_1_17' title="bbox 135 4079 1202 4248">
     <span class='ocr_line' id='line_1_35' title="bbox 135 4079 1202 4166; baseline -0.001 -23"><span class='ocrx_word' id='word_1_254' title='bbox 135 4082 319 4166; x_wconf 78' lang='lat' dir='ltr'>praenitere</span> <span class='ocrx_word' id='word_1_255' title='bbox 342 4083 468 4165; x_wconf 90' lang='lat' dir='ltr'>proprie</span> <span class='ocrx_word' id='word_1_256' title='bbox 488 4086 677 4164; x_wconf 88' lang='lat' dir='ltr'>usurpatur:</span> <span class='ocrx_word' id='word_1_257' title='bbox 703 4079 806 4144; x_wconf 87' lang='lat' dir='ltr'>titulis</span> <span class='ocrx_word' id='word_1_258' title='bbox 825 4079 931 4143; x_wconf 85' lang='lat' dir='ltr'>forum</span> <span class='ocrx_word' id='word_1_259' title='bbox 947 4080 1017 4144; x_wconf 89' lang='lat' dir='ltr'>eius</span> <span class='ocrx_word' id='word_1_260' title='bbox 1033 4079 1202 4166; x_wconf 85' lang='lat' dir='ltr'>(Augusti)</span> 
     </span>
     <span class='ocr_line' id='line_1_36' title="bbox 989 4196 1005 4248; baseline 0 0"><span class='ocrx_word' id='word_1_261' title='bbox 989 4196 1005 4248; x_wconf 89' lang='grc'><strong>6</strong></span> 
     </span>
    </p>
   </div>
   <div class='ocr_carea' id='block_1_8' title="bbox 0 0 1398 4642">
    <p class='ocr_par' dir='ltr' id='par_1_18' title="bbox 0 0 1398 4642">
     <span class='ocr_line' id='line_1_37' title="bbox 0 0 1398 4642; baseline 0 0"><span class='ocrx_word' id='word_1_262' title='bbox 0 0 1398 4642; x_wconf 95' lang='lat' dir='ltr'> </span> 
     </span>
    </p>
   </div>
  </div>
 </body>
</html>
