2782 4642
642 335 683 395 25

134 516 171 573 ut
193 509 378 576 minoribus
400 511 565 594 perceptis
588 510 715 574 maiora
737 510 940 592 permitteret
964 508 997 571 ll
1022 508 1115 589 13‚2.

133 621 253 686 virtute
277 620 458 686 constantia
480 618 594 702 vigilia
616 635 759 702 curaque
781 618 815 683 Il
839 616 890 700 34,
903 620 932 683 3.

132 729 228 793 rediit
252 780 259 794 .
284 777 290 791 .
316 777 322 791 .
346 726 1033 810 00011010100,0001111011101111110οΠ
1057 728 1149 807 89,4.

135 827 275 904 civitatis
300 839 456 905 severitas
479 844 511 902 et
533 838 647 905 consul
671 835 778 920 Scipio
800 837 817 900 I
843 838 892 917 15,
904 839 933 902 3.

136 951 167 1009 et
207 947 371 1031 publicam
412 949 554 1016 civitatis
596 952 627 1011 et
663 949 823 1032 privatam
867 947 993 1013 civium
1035 944 1196 1031 (salutem)

294 1057 329 1121 11
353 1057 403 1138 ao,
414 1058 443 1121 2.
1252 1036 1254 1039 ’

135 1167 309 1249 praefecto
333 1172 511 1233 castrorum
538 1166 789 1251 praefectisque
813 1166 994 1233 cohortium
1017 1165 1061 1242 H,
1076 1165 1149 1246 112,
1166 1164 1194 1227 6.

136 1276 187 1340 vel
214 1278 336 1345 ferocia
369 1277 495 1360 ingenii
528 1277 580 1338 vel
613 1277 744 1340 inscitia
773 1282 957 1340 nostrorum
993 1275 1112 1338 ducum
1144 1272 1197 1336 vel

293 1387 443 1453 fortunae
465 1386 669 1468 indulgentia
691 1385 725 1449 ll
750 1387 821 1468 1,4.

134 1517 240 1581 neque
249 1503 321 1582 post
332 1497 499 1561 Numidici
512 1495 653 1562 exilium
666 1500 722 1559 aut
730 1496 874 1561 reditum
888 1497 1060 1578 quisquam
1073 1503 1128 1560 aut
1137 1514 1197 1564 ex·

294 1608 407 1690 pulsus
422 1605 613 1669 invidiosius
626 1609 681 1667 aut
696 1611 849 1687 receptus
865 1609 913 1668 est
924 1606 1039 1670 laetius
1057 1606 1155 1688 1145,
1168 1609 1196 1670 3.

241 1716 354 1780 Unum
392 1715 613 1777 tantummodo
654 1716 837 1797 exemplum
871 1715 1008 1799 triplicis
1046 1716 1197 1780 allittera-

135 1827 233 1889 tionis
256 1825 383 1888 inveni:

137 1956 189 2018 vel
211 1954 436 2038 magnitudine
469 1956 553 2037 regis
576 1954 687 2021 Persei
721 1958 773 2020 vel
807 1952 914 2042 specie
948 1958 1196 2025 simulacrorum

138 2067 189 2129 vel
212 2064 310 2131 modo
333 2065 492 2148 pecuniae
514 2063 531 2126 Ι
555 2065 584 2146 9,
597 2065 627 2130 6.

244 2173 447 2257 Quamquam
462 2174 596 2238 fortasse
612 2194 677 2238 non
690 2176 837 2258 deerunt,
855 2178 912 2259 qui
925 2178 1057 2240 nimiam
1074 2179 1197 2261 copiam

135 2282 280 2346 locorum
304 2303 323 2345 a
347 2302 398 2346 me
423 2283 591 2349 allatorum
614 2285 860 2370 reprehendant,
875 2291 983 2349 tamen
1004 2287 1109 2351 facere
1132 2307 1197 2350 non

134 2413 267 2476 possum
292 2393 372 2475 quin
388 2392 428 2455 ad
445 2399 628 2458 extremum
643 2395 771 2458 afferam
788 2396 912 2479 aliquot
927 2397 1074 2478 exempla
1097 2395 1199 2459 obiter

136 2508 246 2566 notata
269 2504 339 2567 eius
363 2502 597 2567 allitterationis
633 2505 759 2587 speciei,
794 2524 878 2588 quae
913 2507 1063 2587 cernitur,
1086 2506 1114 2569 si
1138 2506 1198 2568 tria

135 2612 188 2675 vol
212 2617 364 2694 quattuor
387 2610 485 2675 verba
508 2631 542 2675 se
566 2615 734 2696 sequentia
766 2615 876 2678 eadem
909 2615 1014 2679 littera
1042 2616 1074 2677 in
1098 2615 1199 2678 initiis

135 2721 239 2802 posita
262 2722 514 2802 coniunguntur:

138 2829 247 2895 adhuc
271 2830 448 2895 admodum
471 2830 664 2897 adulescens
687 2831 721 2895 ΙΙ
746 2834 797 2913 35,
811 2835 840 2896 3.

137 2957 240 3005 cornu
264 2990 272 3006 .
298 2988 305 3005 .
329 2989 336 3003 .
360 2944 463 3005 castra
486 2937 630 3006 Caesaris
653 2943 736 3025 cepit
759 2942 793 3005 ΙΙ
819 2942 868 3023 70,
883 2943 911 3004 1.

138 3049 255 3113 alionis
278 3050 378 3116 armis
402 3048 442 3114 ad
467 3068 557 3114 arma
581 3053 768 3135 compulsus
790 3049 824 3113 ΙΙ
849 3051 944 3126 5112.

135 3157 294 3223 adversus
318 3161 439 3224 amicos
462 3176 569 3244 aequa
592 3178 632 3226 ac
655 3181 712 3244 par
736 3162 788 3223 sui
811 3161 988 3226 aestimatio
1012 3158 1046 3222 ΙΙ
1072 3161 1122 3241 91,
1135 3162 1163 3222 3.

138 3289 156 3331 a
180 3268 341 3351 dispositis
363 3270 401 3334 in
424 3269 460 3333 id
482 3270 589 3353 ipsum
612 3271 826 3352 interemptus
850 3275 897 3332 est
921 3268 953 3332 ΙΙ
978 3270 1029 3348 21,
1042 3271 1071 3330 1.

136 3381 242 3462 primo
264 3396 324 3463 pro
348 3378 483 3463 Pompei
505 3377 653 3461 partibus
678 3429 685 3443 .
711 3426 718 3441 .
745 3428 752 3442 .
776 3379 863 3442 stetit
886 3378 919 3441 ΙΙ
942 3381 994 3459 48,
1006 3380 1035 3441 1.

243 3488 316 3552 Non
344 3487 446 3551 habeo
480 3489 515 3550 in
546 3489 662 3570 011110,
698 3489 842 3571 singulos
874 3488 960 3550 locos
996 3487 1199 3559 defensitarm
1270 3531 1272 3535 ,

137 3599 236 3662 immo
270 3599 340 3662 sine
375 3597 442 3661 ulla
478 3596 676 3661 dubitatione
711 3597 772 3678 do,
807 3599 889 3660 hanc
923 3596 1053 3659 illamve
1087 3595 1200 3658 allitte·

137 3709 295 3771 rationem
340 3708 486 3789 scriptori
536 3707 734 3789 imprudenti
788 3708 839 3770 vel
889 3706 1069 3788 neglegenti
1115 3706 1201 3769 exci-

138 3817 234 3882 disse.
292 3817 416 3880 101011
454 3821 561 3879 tamen
591 3835 629 3879 ex
664 3817 725 3879 hoc
760 3816 984 3898 exemplorum
1019 3821 1203 3898 conspecta,

138 3925 214 3990 licet
260 3929 369 3990 mittas
407 3927 466 3988 hoc
506 3933 562 3988 aut
599 3927 698 3999 1111111,
735 3926 859 4008 liquido
892 3930 1000 4007 patere
1035 3924 1201 3996 concedar,

139 4032 300 4101 Velleium
325 4036 557 4100 allitterationis
594 4037 780 4100 efficacitate
815 4039 978 4117 perspecta
1010 4041 1040 4096 et
1075 4035 1202 4116 cognita

139 4165 369 4230 saepenumero
395 4146 480 4210 haud
502 4147 691 4210 inscientem
726 4146 784 4208 hoc
823 4144 975 4208 orationis
998 4143 1202 4206 condimento
