2782 4642
680 346 722 407 65

226 524 386 607 praestitit
400 523 434 586 II
458 522 551 604 21,2.
576 558 618 569 —-
644 520 762 584 Contra
785 521 952 604 vulgarem
974 523 1132 585 rationem
1157 541 1224 584 me-

225 631 301 696 dias
326 650 402 693 oum
425 628 553 692 duobus
568 632 727 713 genetivis
743 631 903 694 coniunct.
923 631 1042 715 legitur
1056 629 1090 693 II
1107 629 1181 707 114,
1192 627 1226 692 3:

227 741 406 822 agebatque
439 737 582 802 medium
616 741 757 824 plurima
792 735 1078 825 [dissimulantis]‚
1117 739 1227 822 aliqua
1344 780 1347 785 ,

229 846 438 936 [inhibentisl.
485 846 637 913 Halmius
660 849 861 932 Madvigium
890 856 1022 912 secutus
1050 851 1151 913 invito
1175 869 1227 912 co·

229 960 298 1022 dice
322 958 448 1042 scripsit
470 957 697 1040 dissimulans,
719 957 877 1022 inhibens.
900 995 945 1004 —
980 958 1018 1024 cf.
1041 957 1228 1022 Hor.·c.11

231 1068 350 1148 19,28;
373 1066 458 1130 idem
481 1065 575 1130 Pacis
598 1087 671 1132 eras
694 1069 885 1150 mediusque
908 1066 995 1132 belli.

67 1258 71 1263 ἡ
160 1176 365 1240 meridianas
387 1174 444 1261 (sc.
469 1178 563 1240 cardo
588 1198 613 1244 s.
638 1178 791 1259 circulus)
826 1176 983 1242 substant.
1007 1195 1065 1260 pro
1096 1174 1229 1239 mem'etie

228 1287 358 1349 dicitur:
405 1287 565 1370 quidquid
607 1288 784 1352 meridiano
820 1292 875 1349 aut
909 1286 1125 1369 septentrione
1156 1284 1228 1347 fini-

225 1401 279 1459 tur
301 1394 335 1458 H
360 1395 433 1478 126,
447 1398 476 1459 3.

158 1505 276 1569 notitia
310 1524 387 1568 sane
419 1507 598 1569 insolenter
631 1507 806 1586 usurpatur
841 1504 880 1568 de
907 1504 1005 1568 rebus
1034 1503 1228 1584 ascriptore

227 1615 340 1678 litteris
376 1613 566 1677 mandandis
600 1618 631 1676 et
657 1613 743 1676 idem
775 1613 841 1676 fere
865 1613 1032 1698 significat,
1069 1613 1156 1695 quod
1179 1633 1226 1696 ap.

228 1722 307 1786 Gell.
329 1721 430 1784 XVII
454 1722 548 1803 21,1.
573 1727 756 1805 corespectus
777 1708 972 1806 (Uberse'cbt)
988 1746 999 1787 .·
1017 1724 1122 1794 statui
1144 1724 1227 1804 prio·

227 1850 295 1894 rem
319 1832 418 1894 huius
441 1831 617 1894 voluminis
640 1831 913 1916 posterioremque
944 1839 1067 1916 partem
1089 1849 1155 1893 non
1178 1832 1228 1892 in-

227 1942 300 2004 utili
333 1958 441 2002 rerum
473 1941 587 2002 notitia
614 1941 649 2003 in
678 1944 784 2004 artum
808 1945 970 2004 contracta
994 1940 1189 2023 distinguere
1212 1939 1228 2002 I

229 2049 321 2129 14,1.
357 2084 400 2094 —
422 2047 566 2112 ¹Praeter
598 2051 680 2112 iuris
713 2050 876 2113 consultos
912 2053 1014 2113 aetate
1036 2051 1227 2132 posteriores

230 2159 287 2242 qui
309 2160 354 2221 ita
377 2157 505 2221 locutus
528 2159 578 2237 sit,
601 2159 725 2242 reperio
749 2152 923 2223 neminem.

160 2267 263 2333 obniti
295 2271 461 2350 poetarum
497 2287 570 2345 vox,
607 2289 671 2350 qua
705 2268 829 2332 solutae
861 2269 1013 2331 orationis
1036 2268 1227 2349 scriptorum

225 2378 352 2461 primus
386 2375 495 2460 Nepos
530 2397 610 2442 usus
645 2397 716 2441 esse
739 2378 880 2457 videtur,
913 2396 932 2439 a
966 2375 1091 2438 Velleio
1125 2378 1227 2458 primo

227 2487 339 2550 transl.
364 2490 539 2571 usurpatur
562 2507 619 2570 pro
642 2487 760 2551 reniti:
794 2506 867 2550 cum
892 2503 985 2568 saepe
1009 2483 1157 2547 obnitens
1180 2503 1234 2547 re*

229 2599 406 2678 pugnasset
428 2594 462 2657 II
486 2596 538 2677 89,
550 2597 578 2660 5.
605 2595 770 2660 obnitente
794 2596 828 2657 vi
851 2595 950 2656 animi
973 2593 1007 2656 II
1032 2594 1148 2674 123,1.
1184 2630 1228 2640 -

229 2703 339 2767 Minus
352 2705 581 2786 circumspecte
594 2705 733 2789 Georges
746 2725 774 2788 p.
792 2705 844 2767 49.
859 2704 899 2767 ad
914 2703 997 2767 hanc
1009 2703 1115 2786 signif.
1129 2705 1228 2767 traxit

230 2815 362 2877 tertium
397 2812 502 2876 Vellei
535 2814 651 2896 locum,
686 2816 744 2897 qui
773 2819 821 2877 est
848 2815 864 2876 I
890 2813 966 2895 9,6:
1000 2812 1085 2876 ‘cum
1120 2815 1228 2876 Anicii

233 2921 424 3004 Octaviique
446 2923 646 3006 triumphum
669 2942 765 2986 nemo
788 2923 1014 3005 interpellaret,
1037 2922 1137 3004 tuere,
1173 2924 1228 3006 qni

229 3030 327 3094 Pauli
350 3031 504 3115 impedire
529 3031 768 3098 obniterentur.'
814 3031 923 3096 Talem
947 3034 1033 3095 enim
1056 3032 1147 3096 verbi
1170 3032 1224 3096 ob-

229 3141 296 3204 niti
316 3142 383 3203 vim
407 3140 446 3204 ab
469 3142 568 3205 huius
591 3143 654 3206 loci
677 3163 776 3207 sensu
797 3161 930 3224 prorsus
949 3142 1086 3206 alienam
1104 3162 1174 3207 esse
1191 3149 1228 3206 ut

229 3251 264 3312 in
288 3250 400 3314 oculos
421 3252 567 3328 incurrit,
590 3254 635 3316 ita
658 3253 730 3316 luce
754 3249 873 3315 clarius
897 3256 955 3333 est,
979 3250 1079 3315 obniti
1102 3253 1154 3314 hio
1169 3271 1226 3333 pro

228 3359 317 3440 eniti,
341 3359 441 3423 coniti
463 3361 537 3424 dici.

318 3467 391 3532 Hac
441 3471 595 3534 insolenti
645 3472 744 3534 huius
792 3470 883 3534 verbi
932 3469 1039 3552 signif.
1087 3468 1227 3532 offensus

228 3577 357 3643 Ruhnk.
391 3576 519 3642 Heinsii
551 3574 767 3644 coniecturam
791 3578 1007 3641 coniterentur
1042 3578 1128 3640 haud
1166 3579 1226 3641 im-

229 3686 350 3771 probat.
384 3723 427 3734 -
468 3687 531 3752 Sed
564 3709 625 3753 nec
659 3689 804 3771 intellegi
836 3692 947 3773 potest,
991 3706 1090 3768 quare
1125 3687 1227 3751 obniti

228 3817 285 3880 pro
324 3797 492 3860 obnitendo
525 3799 650 3862 studere
690 3799 836 3881 usurpari
874 3801 1021 3878 nequeat,
1059 3815 1119 3860 neo
1158 3800 1226 3862 sine

229 3907 377 3990 exemplo
401 3905 548 3970 Velleius
570 3909 615 3971 ita
638 3905 767 3968 locutus
791 3910 848 3969 est.
873 3906 913 3969 ct.
938 3904 1035 3988 Verg.
1052 3905 1089 3969 G.
1106 3905 1154 3968 IV
1168 3906 1223 3969 84:

229 4014 342 4078 obnixi
362 4037 430 4080 ooo
453 4017 563 4080 cedere.

161 4122 373 4205 observantia,
402 4127 458 4189 cui
480 4127 551 4189 voci
574 4145 624 4208 ap.
655 4125 717 4188 Cic.
742 4143 867 4207 semper
895 4124 983 4187 notio
1011 4125 1225 4189 venerationis

1013 4240 1030 4294 5
