2782 4642
611 342 717 427 *er

229 523 270 585 ad
293 523 372 585 haec
395 517 494 580 verba
518 521 575 579 aut
599 518 735 582 delenda
757 524 794 583 ut
816 518 976 601 glossema
1000 524 1058 583 aut
1072 519 1229 583 mutanda

229 633 269 695 ad
304 630 473 712 vulgarem
506 626 700 691 locutionem
742 633 781 690 at
806 625 1034 710 praediximus
1067 665 1112 677 -
1145 628 1228 692 illud

229 740 400 818 Kreusius,
423 737 482 799 hoa
504 737 670 819 proposuit
691 735 906 799 Ruhnkenius
940 772 983 783 —
1013 758 1080 803 nan
1109 743 1228 802 temere

231 849 311 911 mihi
333 847 489 931 persuasi.
534 845 648 928 Itaque
671 864 782 909 omnes
806 846 864 927 qui
883 864 988 928 nuper
1002 845 1114 910 Nostri
1128 847 1227 911 libros

229 957 315 1020 faras
339 953 502 1034 dederunt,
526 973 724 1037 quamquam
747 954 960 1037 praescribere
982 974 1039 1038 pro
1055 959 1128 1019 artie
1143 957 1224 1020 scri-

233 1066 300 1129 bere
329 1083 389 1128 nea
422 1062 558 1125 latinum
593 1083 663 1128 esse
697 1064 828 1128 videtur
862 1082 968 1146 neque
1004 1064 1090 1147 apud
1128 1065 1227 1129 alium

231 1193 427 1257 quemquam
450 1172 624 1253 invenitur,
647 1171 766 1234 codicis
785 1172 960 1236 lectionem
985 1181 1021 1237 ut
1052 1173 1236 1256 genuinam

229 1285 443 1348 retinuerunt.

317 1412 357 1475 In
388 1412 527 1475 transitu
559 1410 641 1472 illud
676 1429 898 1491 commemora,
936 1412 1107 1474 Barthium
1142 1413 1229 1475 inso-

228 1524 307 1588 lenti
331 1523 448 1584 harum
474 1538 591 1582 vocum
615 1537 679 1580 usu
707 1520 990 1600 reprehensionem
1025 1539 1116 1583 suam
1153 1540 1228 1584 con·

229 1633 410 1696 firmantem
436 1628 560 1691 Velleio
583 1632 746 1691 castrense
770 1627 898 1692 dicendi
920 1648 1024 1712 genus
1045 1628 1227 1694 attribuere.

232 1741 285 1826 (cf.
310 1738 420 1804 Barth.
446 1738 486 1799 ad
511 1735 587 1799 Stat.
610 1733 732 1800 Achill.
755 1736 887 1802 111146.
922 1739 959 1820 (t.
987 1737 1047 1801 Ill.
1072 1757 1103 1820 p.
1130 1735 1228 1822 1724)

233 1856 265 1913 et
290 1849 424 1912 Advers.
447 1844 540 1909 XVI.
568 1845 597 1909 t.
620 1865 650 1928 p.
677 1846 751 1910 833.
777 1847 824 1910 ed.
848 1846 992 1914 Francos.
1019 1847 1128 1928 1624.)

162 1976 361 2064 praeruptus
384 1977 494 2042 transl.
519 1981 708 2061 usurpatur:
741 1983 949 2061 praeruptum
979 1986 1075 2060 atque
1109 1997 1227 2062 auceps

231 2086 411 2173 perieulum
443 2085 477 2149 Il
502 2084 573 2163 2,2.
597 2087 659 2167 Ap.
684 2082 748 2147 Cic.
779 2083 854 2152 Sex.
885 2085 979 2150 Rosa.
1006 2089 1056 2169 24,
1070 2088 1111 2150 68
1147 2108 1227 2151 non-

229 2198 311 2260 nulli
335 2195 486 2260 omnibus
508 2194 619 2256 invitis
643 2193 744 2274 codd„
768 2195 836 2256 sola
859 2194 909 2259 ed.
924 2194 1068 2260 Venetae
1084 2216 1113 2261 a.
1131 2196 1226 2257 1472.

230 2308 294 2370 nisi
318 2305 515 2385 auctoritate,
537 2302 651 2385 legunt
668 2308 848 2386 praerupta
871 2304 1019 2368 audacia.

155 2422 373 2508 praescribere
395 2441 426 2484 v,
447 2418 638 2503 praedicere.

160 2537 357 2622 prirecipaiis
380 2556 400 2599 a
422 2534 547 2598 Velleio
581 2534 685 2615 primo
721 2536 897 2615 usurpatur
931 2532 970 2595 de
1004 2523 1110 2616 rebus,
1145 2553 1228 2616 quae

178 2630 180 2635 ¹
232 2646 387 2728 principis
410 2663 435 2707 s.
459 2642 659 2725 imperatoris
682 2647 760 2704 sunt
782 2642 833 2705 rel
868 2640 910 2704 ad
944 2661 1018 2705 eum
1052 2643 1228 2726 pertinent:

233 2774 340 2837 neque
362 2754 410 2816 illi
433 2758 521 2815 tanto
544 2752 613 2814 viro
649 2748 697 2835 (O.
721 2749 811 2813 Julio
836 2748 1011 2837 Caesari).
1038 2801 1045 2818 .
1071 2801 1078 2817 .
1109 2755 1227 2836 princi·

230 2864 314 2946 palis
347 2864 439 2946 quies
474 2862 608 2943 contigit
637 2859 670 2923 Il
699 2860 750 2940 56,
763 2861 793 2923 3.
827 2861 1005 2925 ministeria
1039 2864 1227 2947 principalia

230 2971 264 3034 Η
300 2972 350 3053 93,
363 2973 393 3034 2.
442 2970 631 3055 principalia
670 2989 766 3054 opera
806 2968 840 3033 H
876 2972 948 3053 124,
962 2972 992 3035 3.
1035 2973 1226 3056 principalia

232 3064 330 3143 onera
351 3078 386 3142 Π
410 3079 523 3161 12V,3.
547 3117 590 3127 —
613 3080 757 3143 Massilia
780 3129 788 3146 .
812 3130 819 3144 .
844 3130 851 3146 .
875 3060 1101 3164 principalium
1123 3103 1226 3146 armo-

230 3210 305 3254 rum
328 3186 362 3275 (i.
386 3209 413 3254 e.
431 3189 573 3255 Caesaris
590 3195 621 3253 et
633 3189 776 3274 Pompei)
793 3189 923 3253 arbitria
940 3197 1070 3273 captans
1086 3192 1121 3254 Π
1138 3193 1225 3270 50,3.

156 3339 287 3403 prauus
309 3319 398 3383 alcai
419 3340 476 3403 per
498 3320 609 3384 transl.
636 3319 803 3382 desiccatio
827 3339 864 3382 ae
890 3319 1043 3402 facilitate
1070 3323 1225 3403 accipien-

228 3428 289 3491 dus
313 3436 375 3493 est:
406 3428 556 3494 Rhodii.
582 3477 589 3494 .
615 3478 622 3493 .
645 3430 811 3512 proniores
839 3431 923 3513 regis
955 3430 1101 3513 partibus
1124 3429 1224 3494 fuisse

230 3538 292 3600 visi
326 3536 535 3618 sunt19‚2.
569 3573 612 3584 -
648 3536 756 3601 Absol.
788 3540 919 3620 ponitur
951 3538 982 3603 ll
1010 3537 1107 3620 69‚6:
1144 3559 1225 3623 quos

231 3652 287 3709 aut
308 3647 439 3730 pronior
460 3646 589 3709 fortuna
612 3648 761 3710 comitata
784 3649 834 3712 sit.

164 3774 305 3858 Pythius
328 3777 478 3840 insolenti
501 3776 606 3858 ellipsi
628 3777 785 3842 substant.
807 3781 866 3859 'pro
900 3777 955 3840 dcc
982 3775 1099 3860 Pythio
1134 3780 1224 3862 poni-

230 3890 296 3967 tur:
320 3905 396 3949 cum
419 3883 663 3949 Lacedaemonii
686 3887 776 3969 grati
800 3884 884 3948 bello
901 3885 1025 3949 Atticos
1044 3894 1225 3970 premerent

229 3995 511 4079 respondissetque
533 3995 672 4075 Pythius
695 3994 802 4070 12,1.
827 4030 870 4039 -
894 3993 1047 4070 Quiane
1066 3995 1222 4060 Velleium

229 4104 275 4167 ita
297 4103 425 4168 locutus
448 4107 498 4187 sit,
519 4108 641 4186 reperio
665 4104 834 4186 neminem,
855 4105 911 4186 qui
926 4112 997 4188 past
1013 4125 1096 4188 eum,
1119 4107 1224 4170 solum

1006 4222 1040 4275 5*
