2782 4642
657 303 697 368 87

568 391 784 402 ——a

211 481 305 546 Rose.
330 501 447 566 capsas
472 480 519 545 ‘ea
542 480 637 544 redae
659 499 733 562 pars
757 485 813 563 est,
837 484 872 544 in
898 501 962 564 qua
994 482 1055 564 qui·
1080 486 1211 546 vectan-

211 596 274 671 tur,
297 590 431 654 sedent'.
478 588 570 654 Fore.
593 625 637 635 —
661 589 699 653 de
722 589 788 656 Vit.

143 700 303 769 clarttudo
336 700 498 782 antiquior
530 697 724 763 substantivi
745 699 848 763 forma
872 699 1096 784 (Reis-Haase
1120 701 1210 781 §lib

211 827 270 892 pro
305 808 448 872 claritate
485 809 628 890 ponitur:
670 807 825 872 Caeciliae
866 805 1031 893 (familiae)
1069 810 1210 873 notanda

214 917 371 980 claritudo
408 923 456 980 est
485 915 631 999 1111‚3.
665 937 740 981 cum
771 918 911 982 familiae
946 919 1016 982 eius
1051 919 1209 982 claritudo

147 1091 153 1097 ,
212 1027 393 1090 intermissa
417 1032 501 1090 esset
522 1026 556 1090 II
582 1029 669 1104 17,2.
692 1065 736 1074 -
760 1027 836 1091 Octo
866 1047 915 1110 ap.
940 1026 1019 1091 Gell.
1042 1026 1092 1089 ΙΙΙ
1118 1028 1209 1108 7,19.

212 1135 271 1202 Sis.
297 1156 344 1219 ap.
367 1135 450 1199 Non.
473 1158 504 1220 p.
529 1138 608 1221 82‚5
633 1136 670 1214 Q.
694 1138 769 1202 Sall.
794 1136 865 1220 Iug.
891 1137 957 1217 2,4.
983 1137 1048 1218 7,4.

144 1245 310 1309 classicus:
334 1245 463 1328 insigne
486 1265 622 1310 coronae
639 1245 791 1310 classicae
805 1246 839 1309 ΙΙ
855 1246 948 1321 813.
972 1264 1067 1309 omne
1083 1246 1210 1308 classici

210 1355 394 1419 certaminis
429 1354 597 1420 arbitrium
632 1356 666 1419 Il
694 1357 746 1437 85,
759 1357 789 1422 2.
824 1356 966 1419 classicis
1001 1355 1209 1438 peditumque

209 1464 469 1546 expeditionibus
493 1465 528 1528 Π
554 1466 664 1547 121,1.
688 1501 731 1513 -
755 1464 848 1546 Prop.
872 1463 906 1526 II
932 1464 1019 1546 1,28.
1042 1463 1112 1529 liu.

141 1572 308 1636 coalescere
345 1575 453 1638 transl.
486 1578 675 1657 usurpatur:
716 1574 923 1637 coalescentis
953 1622 959 1635 .
992 1621 1000 1637 .
1032 1574 1152 1656 ,pacis
1175 1571 1211 1636 II

196 1683 299 1763 ,48,5.
323 1684 575 1749 coalescentibus
610 1686 656 1747 rei
692 1682 842 1767 publicae
873 1682 1036 1762 membris,
1061 1687 1092 1745 et
1114 1679 1209 1767 licoa-

204 1789 316 1878 luerell
340 1793 383 1877 (ct
397 1813 506 1856 coram
522 1793 620 1858 aliero
636 1792 707 1879 ΑΡ)
732 1811 814 1876 quae
837 1797 903 1855 tam
926 1793 1022 1875 longa
1046 1810 1210 1855 armorum
1319 1788 1320 1793 ’

208 1901 309 1964 series
332 1901 528 1966 laceraverat
551 1901 585 1966 II
610 1902 698 1980 90,1.
722 1939 765 1948 —-
790 1901 864 1966 Sall.
888 1901 957 1965 Liv.
1018 1932 1020 1935 ·

142 2004 328 2097 llcocrcntioll:
354 2012 388 2073 in
413 2013 603 2076 coercitione
625 2011 856 2096 (coercitionem
871 2011 906 2074 M
934 2009 1122 2075 coertionem
1138 2009 1213 2097 ΑΡ)

209 2120 346 2184 ambitus
370 2120 404 2184 II
428 2121 480 2204 47,
494 2123 522 2184 3.
570 2122 788 2186 dissensiones
817 2122 1009 2185 coercitione
1044 2120 1209 2202 (coertione

208 2228 287 2316 ΑΡ)
312 2233 416 2314 magis
441 2252 537 2315 quam
561 2251 665 2315 poena
688 2232 842 2296 mollisset
873 2229 906 2294 ΙΙ
932 2221 1115 2310 121‚1.'—
1139 2228 1211 2292 Liv.

206 2339 255 2403 IV
280 2342 331 2423 53,
345 2342 372 2404 7.
408 2339 525 2404 XXVI
549 2342 667 2424 36,12.

141 2449 417 2514 commcndabilis:
458 2451 675 2534 Pomponium
828 2449 953 2512 inventi
988 2469 1007 2511 a
1041 2467 1076 2513 se
1104 2449 1209 2530 opens

210 2559 499 2623 commendabilem
537 2560 572 2622 II
607 2561 677 2643 9,6.
717 2598 758 2606 —-
798 2557 865 2623 niv.
905 2557 1074 2621 XXXVII
1114 2558 1208 2640 7,15.

208 2665 303 2730 XLII
329 2669 398 2748 5‚5.

142 2773 320 2857 confodere:
346 2775 389 2840 M.
415 2777 578 2841 Antonius
604 2829 610 2842 .
638 2827 645 2841 .
672 2779 820 2863 ,gladiis
850 2779 988 2841 militum
1022 2828 1029 2843 .
1055 2826 1062 2841 .
1090 2826 1097 2840 .
1133 2795 1208 2839 con-

209 2886 316 2950 fossus
340 2891 388 2950 est
410 2886 443 2949 Π
468 2889 520 2965 22,
535 2889 562 2949 3.
588 2925 629 2935 -
654 2888 730 2953 Sall.
753 2887 834 2971 Nep.
859 2886 927 2951 Liv.
954 2888 1080 2952 Poetae.

142 3016 369 3060 conmemorare
393 3004 440 3060 est
463 2996 506 3059 ad
527 3016 695 3060 sarnacum
718 2993 1207 3081 perdaccrc(Oic.leg.18,25):

210 3106 292 3168 nihil
316 3106 464 3170 felicitate
489 3108 706 3170 consummari
722 3106 755 3170 Π
768 3106 856 3189 89,2.
875 3107 933 3169 illa
951 3112 1056 3172 aestas
1073 3105 1209 3179 maximi

209 3214 286 3278 belli
320 3218 556 3280 consummavit
596 3216 727 3279 effectus
766 3216 800 3278 Il
837 3216 910 3298 115,
921 3218 949 3278 4.
993 3214 1209 3281 consummati

208 3324 290 3387 tanti
315 3327 421 3407 operis
443 3325 478 3389 ΙΙ
503 3326 622 3406 117,1.
646 3362 690 3371 -
713 3325 796 3388 Vitr.
821 3324 888 3389 Liv.
914 3324 972 3392 Or.

141 3435 331 3498 continuare
353 3436 594 3519 mapistrotaro:
619 3437 699 3518 quin
723 3434 859 3499 alterum
884 3437 979 3500 etiam
1007 3435 1209 3499 continuavit

210 3543 410 3609 tribunatum
444 3545 478 3608 H
502 3545 532 3626 6,
545 3547 575 3609 3.
611 3545 808 3609 continuatis
842 3544 1018 3608 honorIbus
1052 3543 1086 3606 II
1115 3543 1165 3623 12,
1178 3542 1209 3604 6.

210 3651 384 3717 frustratus
408 3672 463 3736 spe
487 3655 698 3717 continuandi
728 3654 915 3718 consulatus
941 3653 975 3716 Π
1004 3653 1055 3729 21,
1070 3655 1100 3716 2.
1135 3670 1209 3714 con-

212 3761 337 3825 sulatus
360 3764 582 3826 tantummodo
606 3782 711 3846 usque
735 3765 772 3826 ad
797 3765 1008 3828 undecimum
1032 3763 1111 3846 quin
1134 3780 1209 3836 conf

214 3871 529 3954 tinuaret1189,5.
566 3876 602 3935 ut
625 3874 654 3937 ei
678 3870 859 3958 (aedilitati)
890 3876 1073 3956 praeturam
1108 3870 1209 3934 conti-

208 3986 323 4045 nuaret
345 3981 379 4044 II
404 3982 455 4068 91,
470 3984 500 4048 3.
536 3979 588 4067 (cf.
613 3981 714 4044 Kritz.
751 3982 791 4045 ad
826 3983 856 4045 h.
892 3982 925 4070 l.)
959 4018 1000 4030 -
1037 3977 1113 4043 Sall.
1137 3976 1208 4060 Ing.

209 4092 259 4165 37,
274 4094 302 4155 2.
325 4090 393 4154 Liv.
