2782 4642
701 319 722 378 4

173 489 234 577 lril)
246 488 463 576 H.Georges2)
473 490 508 556 Ο.
518 491 688 579 Langius3)
702 494 921 582 HHelmius4)
933 499 974 563 H.
986 499 1106 587 Heliam)
1117 506 1237 568 maiore

174 602 227 664 vel
250 602 375 663 minore
398 621 477 664 cura
501 621 537 664 ac
562 602 727 686 diligentia
763 608 801 669 de
824 605 929 670 Vellei
958 628 1105 673 sermone
1128 611 1236 696 dispu-

173 715 335 791 taverunt,
368 711 472 773 itaut
496 712 577 773 nihil
608 712 729 775 iamin
753 733 790 777 eo
815 734 983 799 superesse
1006 719 1177 802 videretur,
1200 723 1236 784 in

175 841 240 904 quo
265 821 436 902 quiscum
470 820 578 883 fructu
613 820 800 887 elaboraret.
850 828 959 907 Atque
987 829 1127 909 profecto
1150 839 1236 914 post·

175 951 273 1015 quam
307 931 385 1012 ipse,
428 948 511 1011 quae
552 931 592 993 ad
625 931 847 996 illustrandam
883 936 1045 1017 scriptoris
1078 941 1235 1006 rationem

174 1039 384 1119 syntecticam
417 1040 630 1121 pertinerent,
667 1062 764 1124 quam
800 1044 1042 1127 diligentissime
1080 1053 1236 1132 congessi,

171 1153 300 1214 inanem
337 1167 387 1210 me
422 1167 552 1231 operam
585 1154 761 1234 sumpsisse
793 1161 864 1236 post
896 1154 1024 1217 alteram
1062 1157 1234 1242 praecipue

172 1261 286 1343 Langii
310 1260 609 1322 commentationem
646 1280 716 1324 sero
752 1264 897 1346 cognovi.
955 1262 1046 1340 Quae
1082 1287 1155 1330 cum
1189 1270 1234 1332 ita

171 1373 287 1448 essent,
313 1368 402 1430 omni
425 1386 481 1450 spe
504 1368 602 1431 latius
631 1390 728 1452 quam
752 1372 800 1434 illi
822 1374 882 1434 hoc
906 1374 938 1434 in
964 1391 1075 1456 campo
1095 1377 1233 1458 vagandi

171 1483 202 1542 et
237 1479 313 1540 novi
348 1478 675 1560 quantulumcunque
708 1481 843 1544 eruendi
874 1482 913 1544 ad
946 1483 1073 1545 irritum
1096 1485 1232 1567 redacta,

169 1592 242 1651 ante
266 1588 374 1650 omnia
398 1587 569 1650 destitutas
593 1592 699 1670 partes
712 1590 876 1672 excipiens
892 1592 1116 1675 etymologiam
1134 1615 1230 1675 quam

169 1703 286 1759 vocant
321 1715 483 1779 quamque
514 1697 574 1759 soli
603 1696 780 1760 Fritschius
808 1704 839 1761 et
867 1698 1007 1782 Georges
1034 1696 1068 1765 ἐν
1091 1699 1227 1788 παρόδῳ

169 1807 221 1870 vel
244 1805 429 1888 appendicis
452 1805 521 1868 loco
545 1809 732 1888 attigerunt,
755 1809 832 1869 mihi
849 1808 1228 1892 vindicaviproviuciam.

167 1914 292 1978 Deinde
309 1919 427 1994 autem,
447 1934 644 1996 quamquam
661 1915 704 1980 H.
718 1915 857 1999 Georges
870 1915 908 1978 K.
920 1915 956 1978 Ε.
970 1916 1230 2002 Georgislexico·

166 2027 280 2110 graphi
302 2025 389 2088 filius
411 2025 446 2086 in
484 2023 699 2103 disputatione
733 2024 827 2087 modo
862 2034 1108 2090 commemorata
1130 2028 1230 2110 pluri-

166 2154 256 2198 mum
288 2134 402 2197 tribuit
436 2132 639 2215 explicandis
671 2134 940 2217 excudendisque
964 2136 1138 2218 vocabulis,
1163 2157 1228 2220 quo

166 2247 277 2308 minus
300 2246 369 2327 ipse
395 2243 434 2306 de
457 2244 581 2324 integro
606 2243 730 2323 copiam
755 2242 926 2305 verborum
950 2264 968 2306 a
989 2244 1112 2309 Velleio
1137 2267 1230 2310 usur-

165 2364 313 2438 patorum
337 2354 485 2416 alacriter
508 2355 738 2434 perscrutarer,
767 2370 831 2413 non
856 2351 1027 2418 deterritus
1051 2375 1133 2419 sum.
1179 2359 1229 2420 Ac

165 2465 275 2528 labore
303 2482 368 2526 non
396 2462 516 2525 frustra
545 2464 694 2542 suscepto
731 2459 852 2523 bonurn
887 2480 938 2524 me
973 2465 1075 2545 egisse
1103 2470 1228 2548 patrem

164 2575 314 2654 familiae,
344 2578 381 2636 ut
408 2566 574 2646 Senecaessl
609 2569 718 2632 verbis
753 2575 834 2652 utar,
869 2576 900 2633 et
934 2575 1087 2654 ampliora
1114 2574 1228 2638 fecisse

165 2690 303 2765 accepta,
328 2700 420 2764 spero
443 2682 510 2743 fore
535 2685 571 2742 ut
594 2678 652 2741 tibi
663 2679 867 2761 persuadeas
891 2681 918 2742 si
933 2683 1125 2765 priusquam
1142 2703 1227 2746 com-

163 2774 360 2876 parationem
383 2791 446 2851 mei
470 2809 544 2851 oum
567 2789 656 2851 illius
680 2789 796 2871 scripto
821 2789 927 2870 faciae,
956 2794 1154 2873 prooemium
1178 2794 1227 2855 in-

125 2882 126 2885 *
164 2902 243 2964 dicis
267 2921 285 2962 a
308 2920 359 2962 me
383 2899 556 2980 conscripti
581 2898 707 2980 legeris.

269 3010 337 3072 lam
373 3027 449 3072 vero
485 3012 662 3071 extremam
698 3007 773 3069 huic
813 3008 968 3090 opusculo
1007 3010 1224 3092 imposueram

163 3139 304 3201 manum,
329 3138 401 3182 curn
426 3136 468 3181 ex
491 3118 657 3199 inopinato
689 3117 724 3177 in
748 3122 953 3197 conspectum
977 3119 1056 3181 mihi
1079 3139 1113 3182 se
1137 3120 1224 3183 dedit

164 3229 343 3293 dissertatio
361 3227 484 3308 Felicis,
509 3227 566 3309 qui
590 3245 619 3306 p.
636 3224 764 3286 16-37
789 3243 905 3288 novam
931 3226 969 3289 de
993 3228 1223 3291 vocabulorum

268 3405 294 3471 1)
313 3401 410 3459 Philol
429 3419 453 3455 a.
475 3401 550 3457 1876.
571 3399 625 3454 vol.
646 3400 688 3454 35.
709 3418 733 3469 p.
754 3399 903 3456 rra-717.

267 3494 295 3564 2)
314 3495 348 3551 H.
368 3494 492 3563 Georges,
512 3494 544 3547 de
563 3491 711 3546 elocutione
729 3491 764 3543 Μ.
784 3491 851 3547 Vell.
870 3493 900 3547 P.
920 3493 989 3548 Diss.
1008 3493 1079 3562 Lips.
1100 3494 1176 3547 1877.

267 3587 295 3656 3)
314 3585 346 3641 0.
366 3586 465 3654 Lange,
485 3585 551 3637 Zum
570 3583 745 3650 Sprachgebr.
764 3583 811 3636 des
829 3583 863 3638 V.
881 3584 911 3637 P.
931 3584 1025 3653 Progr.
1044 3585 1122 3640 Putb.
1143 3586 1220 3643 1878.

160 3708 194 3718 -
211 3678 296 3732 idem:
315 3679 380 3731 Zum
400 3675 574 3746 Sprachgebr.
596 3675 642 3728 des
660 3674 728 3727 Vell.
746 3673 806 3729 Pat.
824 3675 916 3743 Progr.
937 3675 1016 3731 seete.
1036 3676 1114 3730 1886.

265 3769 293 3839 4)
312 3770 343 3824 ll.
360 3768 453 3822 Helm:
485 3765 665 3832 Quaestiones
684 3768 799 3834 syntact.
819 3767 850 3820 de
868 3767 991 3839 particip.
1010 3784 1060 3822 usu
1078 3767 1141 3822 Tae.
1160 3766 1220 3820 Vell

159 3861 224 3916 Sall.
263 3862 331 3930 Lips.
352 3859 427 3914 1879.

264 3951 291 4022 5)
310 3952 345 4007 H.
362 3953 450 4006 Felix:
470 3951 657 4017 Quaestiones
676 3949 866 4019 grammaticae
878 3950 906 4002 in
916 3949 952 4005 M.
962 3950 1029 4006 Vell.
1048 3950 1217 4033 Paterculum

40 4092 42 4097 .
157 4042 227 4097 Dias.
247 4042 308 4098 Hal.
328 4042 407 4100 1886.

263 4135 290 4205 6)
311 4133 371 4191 Seu.
391 4132 439 4201 Ep.
459 4130 575 4195 Vlral.
