2782 4642
701 309 742 371 36

291 484 407 569 Neque
430 485 642 549 omittendum
659 505 729 549 esse
747 492 826 569 puto
843 486 948 549 locum
963 489 1018 568 qui
1030 492 1078 549 est
1089 485 1123 548 ΙΙ
1138 487 1246 567 lora:

187 596 294 659 ‘lintre
317 595 478 679 adpulso’3
504 614 580 657 nam
603 595 775 658 masculini
798 597 924 677 generis
948 595 1043 658 linter
1065 602 1185 658 remoto
1210 595 1249 658 de

187 725 251 788 quo
275 707 381 788 agitur
403 705 584 768 testimonio
624 723 786 787 nusquam
819 706 883 768 nisi
918 705 1002 788 apud
1025 704 1092 768 Tib.
1117 705 1151 766 Π
1177 706 1249 786 534

185 812 342 898 largitura)

294 923 531 1006 Saepenumero
556 924 726 1006 scriptores
757 928 916 986 terrarum
940 924 1071 985 nomina
1095 959 1136 969 -—
1160 923 1248 986 vide-

186 1034 263 1096 licet
287 1040 323 1097 ut
346 1033 532 1096 universam
555 1038 673 1095 terram
698 1050 875 1115 omnesque
898 1032 969 1095 eius
991 1032 1138 1114 regiones
1162 1051 1248 1094 eom-

185 1143 401 1225 plecterentur
413 1142 633 1224 —pluraliter
646 1138 871 1224 extulerunt‚2)
885 1140 974 1204 velut
988 1141 1074 1225 apud
1085 1140 1246 1204 Velleium

186 1258 315 1316 exstant
343 1251 466 1316 Galliae
487 1248 535 1313 011
561 1250 610 1331 12,
625 1253 654 1315 2.
691 1249 740 1313 ΟΠ
764 1252 857 1329 39,1.
891 1249 925 1314 Π
948 1252 1000 1332 44,
1014 1251 1043 1315 5.
1077 1247 1127 1313 ΟΠ
1151 1251 1202 1330 47,
1217 1252 1246 1316 2.

184 1359 234 1424 ΟΙΙ
259 1361 348 1443 97,l.
372 1357 422 1422 ΟΙΙ
447 1361 564 1438 120,1.
588 1360 622 1423 Π
647 1361 761 1437 121,1.
783 1358 832 1423 ΟΠ
858 1361 930 1438 129,
945 1361 975 1422 3.
999 1395 1042 1406 -
1065 1359 1248 1443 Hispaniae

185 1468 233 1533 ΟΠ
248 1471 298 1549 30,
311 1472 341 1535 2.
364 1466 414 1532 ΟΠ
427 1471 517 1549 48,1.
540 1469 687 1549 0115a2.
710 1468 763 1532 ΟΠ
776 1471 826 1551 90,
838 1472 864 1533 1.
887 1468 935 1532 ΟΠ
950 1469 1060 1546 102,3.
1084 1466 1133 1530 ΟΠ
1145 1469 1250 1550 12535.
1299 1482 1301 1485 ·

188 1579 338 1643 Ceterum
363 1597 406 1642 ex
418 1578 563 1661 quolibet
585 1581 692 1644 indice
703 1579 806 1643 Vellei
831 1578 920 1642 libris
944 1579 1067 1642 adiecto
1092 1577 1250 1653 videmus

187 1708 264 1752 eum
289 1689 348 1751 hoe
371 1707 490 1752 nomen
513 1689 710 1767 undevicies‚
742 1688 823 1751 illud
848 1690 1020 1771 quinquies
1048 1687 1253 1770 singulariter

186 1799 423 1880 pronuntiasse.
471 1796 630 1861 Omnibus
661 1805 767 1861 autern
799 1800 878 1862 locis
909 1799 1056 1881 spectatis
1089 1796 1249 1860 Velleium

189 1926 256 1969 non
280 1925 387 1988 usque
412 1925 540 1989 quaque
564 1912 649 1970 certo
673 1908 792 1971 iudicio
815 1910 956 1971 variasse
972 1925 1143 1970 numerum
1158 1906 1252 1969 facile

187 2035 371 2100 cognosces,

293 2123 577 2189 Substantivorum
601 2126 814 2189 materialium
839 2146 921 2208 quae
941 2131 1099 2189 vocantur
1121 2127 1156 2187 in
1179 2125 1250 2207 plu-

187 2235 246 2298 rali
282 2253 417 2298 numero
451 2231 658 2320 positorum3)
694 2235 773 2298 haec
806 2236 916 2298 inveni
952 2235 1111 2317 exempla:
1146 2254 1252 2316 aqaoe

111 2349 115 2356 “
185 2341 217 2407 ΟΙ
243 2344 325 2425 15,4
360 2340 459 2426 (apud
480 2364 584 2426 aquas
619 2362 701 2426 quae
736 2343 775 2406 ab
799 2362 836 2407 eo
871 2342 999 2407 Sextiae
1027 2341 1249 2428 appellantur).

186 2454 220 2516 Π
245 2455 330 2529 234
366 2456 484 2535 (aquas
512 2453 701 2516 salubritate
730 2453 959 2535 medendisque
984 2454 1170 2536 corporibus
1193 2472 1251 2515 no-

187 2563 267 2626 biles
292 2615 298 2628 .
328 2613 366 2628 ..
392 2563 517 2626 addixit
541 2563 639 2646 deae).
674 2563 803 2626 hederae
834 2562 868 2626 II
892 2563 974 2643 82,4
996 2561 1176 2644 (redimitus
1199 2563 1250 2625 be·

186 2671 297 2753 dera's).
333 2671 427 2754 ipsas
462 2672 506 2735 ΟΠ
534 2674 636 2751 131,1
674 2673 981 2755 (perpetuorumque
1016 2676 1124 2734 custos
1152 2670 1252 2734 Vesta

187 2779 336 2862 spatam).
357 2781 515 2863 pecuniae
538 2780 571 2843 II
597 2778 716 2864 62,3.4)

294 2889 465 2953 Poetarum
490 2896 521 2954 et
544 2889 627 2952 Livii
650 2891 838 2954 auctoritate
866 2910 946 2954 usus
969 2890 1116 2954 Velleius
1140 2896 1253 2952 contra

186 2998 311 3063 firmam
345 2998 506 3064 Ciceronis
542 2997 846 3084 consuetudinariis)
879 3000 935 3079 qui
970 2987 1095 3081 semper
1127 2999 1253 3080 scripsit

186 3109 330 3190 eervices,
355 3109 553 3191 singularem
586 3108 684 3173 liuius
708 3112 796 3173 vocis
819 3109 954 3171 formam
979 3108 1078 3171 multo
1101 3108 1252 3190 praetulit

186 3219 316 3302 plurali.
362 3217 444 3281 Nam
470 3238 544 3281 cum
580 3220 657 3282 haec
681 3220 778 3283 semel
801 3217 835 3281 ΙΙ
861 3217 973 3298 131,2,
1008 3217 1065 3279 ubi
1090 3217 1129 3280 de
1152 3217 1253 3300 pluri-

189 3328 248 3392 bus
284 3329 403 3391 dicitur
438 3329 588 3410 (quorum
624 3325 757 3390 cerateas
782 3375 789 3389 .
814 3375 820 3388 .
845 3375 852 3388 .
877 3327 1066 3390 sustinendo
1093 3333 1251 3390 terrarum

186 3574 236 3627 rali
255 3590 317 3628 vero
337 3573 533 3628 substantivum
551 3573 610 3626 alies
635 3588 740 3640 semper
761 3573 901 3628 masculini
919 3572 1023 3640 generis
1041 3573 1156 3627 inveniri
1173 3588 1253 3626 nemo

186 3665 282 3719 nescit.
319 3665 417 3720 Mirum
436 3665 567 3735 profecto,
586 3665 638 3718 hoc
657 3664 713 3717 viro
732 3664 810 3717 docto
828 3682 883 3718 non
901 3665 1067 3721 succurrisse.

296 3755 321 3826 l)
339 3756 416 3810 Neue
432 3755 459 3808 12
477 3772 502 3822 p.
522 3755 581 3808 657.

295 3853 321 3916 2)
343 3849 417 3902 Neue
435 3848 461 3900 Ι2
480 3865 504 3915 p.
524 3847 576 3900 395
597 3862 654 3914 sqq.

294 3940 322 4010 3)
341 3941 416 3995 Naue
433 3938 461 3994 Ι2
479 3957 504 4007 p.
524 3939 576 3993 398
595 3954 653 4006 sqq.
690 3938 810 4006 Draeger
826 3939 852 3992 Ι2
869 3956 895 4008 p.
915 3939 932 3992 5
951 3955 1009 4008 sqq.

281 4033 323 4099 ·4)
342 4030 382 4088 cf.
402 4032 521 4099 Draegar
539 4029 565 4082 12
583 4046 609 4099 p.
630 4029 654 4084 7.

294 4125 321 4193 5)
339 4123 414 4180 Neue
432 4123 459 4175 Ι2
477 4139 503 4191 p.
521 4121 575 4175 449
594 4136 632 4188 sq.
653 4119 746 4174 Haasii
764 4122 855 4178 adnot.
876 4123 929 4176 154
946 4123 980 4175 ad
998 4122 1070 4176 Reis.
