2782 4642
668 287 711 349 46

160 469 229 549 ipse
263 468 295 529 in
331 466 502 529 consulare
531 471 704 549 protectus
737 466 902 548 fastigium
937 463 1045 545 fuerat
1067 461 1099 524 Π
1125 463 1245 542 69,1,’

160 575 297 657 Nerone,
320 577 375 638 cui
399 580 601 657 antecapto
624 575 733 658 fuerat
755 575 788 638 II
814 575 864 656 79,
883 576 914 637 2.
937 573 971 636 Π
996 574 1093 652 94,1.
1140 571 1227 635 Iulia

162 707 244 769 quae
267 685 375 769 fuerat
399 685 561 767 Agrippae
586 683 745 767 capiuli
769 685 857 765 96,1.
904 685 982 766 quia
1004 681 1160 751 Romanis
1195 689 1228 745 et

161 796 260 858 armis
284 798 314 858 et
338 795 454 857 animis
477 792 533 855 usi
555 792 697 875 ficissent
718 792 752 854 ΙΙ
777 792 850 874 119,
870 795 900 856 2.
949 792 1086 875 Lepidus
1111 791 1227 856 deinde

162 909 316 968 asenatu
339 902 627 966 hostis'iudioatus
651 908 708 982 est,
746 908 781 964 ut
815 909 889 966 ante
920 903 1030 986 fuerat
1055 901 1110 984 (sc.
1140 899 1226 962 iudi·

161 1013 265 1096 catus)
290 1014 454 1076 Antonius
477 1011 511 1073 II
536 1010 623 1091 64,4.

267 1123 329 1186 His
353 1139 394 1196 ex
417 1122 495 1183 locis
519 1122 582 1182 iam
607 1127 746 1203 apparet,
778 1122 817 1184 de
842 1120 945 1184 Vellei
977 1141 1041 1184 usu
1069 1139 1135 1182 non
1160 1139 1227 1181 om-

166 1235 244 1296 uino
269 1233 328 1295 dici
354 1250 455 1313 posse,
480 1230 567 1312 quod
589 1227 730 1292 Haasius
752 1231 786 1292 in
810 1228 875 1292 447
907 1231 946 1292 ad
970 1229 1104 1312 Reisigii
1128 1228 1228 1291 schol.

164 1345 217 1407 lat.
240 1341 355 1404 adnot.
380 1342 530 1403 universe
560 1339 676 1419 docuit,
699 1340 733 1401 in
753 1339 975 1403 huiuscemodi
997 1339 1108 1402 formis
1131 1338 1229 1420 parti·

163 1453 292 1534 cipium,
326 1450 493 1532 temporali
522 1449 554 1510 vi
581 1447 647 1510 fere
675 1453 782 1530 exuta,
815 1468 913 1532 prope
937 1449 978 1512 ad
1002 1448 1153 1512 adieetivi
1177 1466 1227 1510 ac-

163 1563 275 1625 cedere
301 1560 577 1644 significationem.

268 1669 370 1753 forem
387 1688 461 1732 cum
477 1668 631 1750 partcipio
647 1667 778 1750 perfecti
802 1665 1041 1752 coniunctuml)
1064 1673 1114 1729 ter
1136 1664 1228 1748 plus-

164 1779 341 1863 quamperf.
371 1778 581 1858 coniunctivi,
608 1795 776 1858 nunquam
805 1779 838 1839 in
870 1778 1044 1841 enuntiatis
1067 1775 1229 1838 condicio-

165 1888 297 1951 nalibus
326 1888 395 1950 loco
424 1886 620 1948 coniunctiri
648 1885 707 1949 fut.
738 1888 844 1948 exacti
867 1888 1040 1970 reperitur:
1077 1890 1108 1948 et
1140 1884 1232 1967 quid,

164 2018 228 2060 non
263 1999 298 2059 in
328 2001 485 2078 quantum
519 1994 699 2057 adinissum
733 1995 827 2078 soret,
859 1995 1068 2059 aestimabant
1089 1994 1124 2058 ΙΙ
1147 1997 1177 2076 8,
1198 1996 1228 2059 1.

164 2109 249 2170 eirca
274 2125 371 2189 quam
395 2103 519 2182 urbem,
542 2122 615 2165 cum
641 2106 675 2165 in
699 2106 809 2167 multis
833 2106 904 2168 aliis
927 2105 1112 2189 regionibus
1136 2123 1230 2168 exer-

163 2218 247 2280 citus
283 2213 422 2297 dispcrsi
457 2211 571 2295 foreat,
612 2211 737 2276 LXXV
778 2214 866 2276 milia
899 2216 1019 2278 civium
1045 2263 1053 2278 .
1078 2261 1117 2279 ..
1152 2233 1229 2277 con-

164 2324 489 2404 flixerant1121,l.
523 2327 591 2384 tum
626 2323 757 2385 demum
788 2325 888 2406 pacati
914 2330 998 2406 sunt,
1030 2345 1104 2388 curn
1128 2343 1232 2407 paene

164 2434 312 2498 funditus
336 2432 436 2496 ecerat
458 2431 565 2514 foreat
587 2430 621 2492 11
646 2433 719 2514 115,
729 2439 758 2494 4.

272 2541 353 2605 Cum
376 2542 542 2625 participio
565 2540 666 2603 futuri
690 2544 786 2604 activi
810 2544 993 2625 copulatum
1014 2541 1145 2626 soram2)
1170 2563 1233 2605 na-

165 2654 303 2716 turalem
339 2671 377 2713 ac
406 2651 612 2733 principalem
641 2651 907 2733 significationem
939 2671 1005 2715 non
1033 2654 1149 2731 amisit,
1184 2654 1232 2715 ita

167 2757 319 2842 ut'qnasi
339 2752 486 2822 futurum
516 2761 724 2822 coniunctum
744 2780 815 2826 esse
840 2761 987 2824 videatur
1013 2783 1088 2825 cum
1107 2761 1230 2825 futuro:

166 2869 339 2952 praefatus,
362 2870 524 2932 neminem
548 2868 648 2930 alium
672 2917 679 2933 .
703 2917 710 2931 .
735 2921 743 2936 .
766 2871 912 2934 futurum
934 2871 1046 2953 fuisse,
1073 2873 1167 2935 ouius
1196 2889 1232 2934 se

166 2980 315 3062 potestati
349 2977 584 3041 compressurus
616 2976 698 3059 foret
719 2979 752 3042 II
778 2981 828 3059 37,
840 2988 870 3045 4.
905 2981 1040 3063 proinde
1074 2981 1234 3063 viderent,

166 3107 262 3170 quem
293 3093 324 3151 et
347 3107 412 3170 quo
435 3087 504 3150 loeo
528 3088 752 3168 imperatorem
775 3091 932 3152 deserturi
952 3090 1116 3173 ferentii
1140 3087 1231 3169 55,3.

167 3203 203 3260 ut
227 3197 395 3260 diiudicari
418 3216 483 3258 non
508 3199 645 3279 potuerit
669 3247 675 3260 .
700 3248 706 3259 .
731 3249 737 3262 .
761 3206 832 3262 uter
854 3201 995 3284 populus
1019 3200 1111 3262 alteri
1129 3198 1230 3282 pari-

165 3312 261 3370 torus
283 3306 365 3389 foret
388 3305 421 3368 ΙΙ
446 3307 495 3387 90,
506 3308 534 3369 3.

273 3415 300 3478 Ε
341 3417 499 3478 contrario
541 3417 703 3499 deperdita
738 3418 971 3502 significatione
1006 3419 1233 3501 antiquissima

273 3634 299 3702 1)
319 3634 395 3687 Neue
412 3633 454 3686 Π2
473 3650 499 3702 p.
518 3634 571 3687 366
590 3649 647 3702 sqq.
666 3635 810 3689 Karnana
830 3653 852 3703 p.
873 3636 925 3690 215
945 3651 983 3704 sq.

273 3711 300 3794 2)
318 3725 394 3780 Neue
416 3726 456 3780 Π2
475 3744 501 3795 p,
526 3726 576 3780 381
596 3741 635 3793 sq.
663 3725 793 3794 Zumpt.1³
811 3727 827 3798 ξ
849 3729 907 3782 156.
951 3727 1045 3782 Haasii
1064 3727 1154 3780 adnot.
1175 3725 1230 3778 445

167 3819 202 3871 ad
219 3817 333 3886 Reisigii
344 3817 432 3872 schol.
451 3817 498 3872 lat.
535 3815 682 3871 Kithnast.²
700 3834 726 3886 p.
741 3818 793 3872 215
807 3835 846 3887 sq.
860 3820 970 3873 -Loci
989 3822 1079 3872 autem
1100 3817 1233 3872 Velleiani

168 3912 199 3962 ut
216 3910 347 3977 praesidio
367 3917 430 3963 sunt
448 3909 548 3962 Haasio
569 3912 596 3962 et
614 3908 788 3976 Kuehnastio‚
816 3911 855 3964 ita
882 3913 974 3964 contra
993 3909 1124 3965 Neueinm
1143 3909 1233 3964 afferri

168 4004 287 4069 possunt,
314 4002 360 4070 qni
386 4002 414 4054 iu
442 4001 514 4054 hisce
533 4000 624 4054 formis
643 4000 711 4053 nihil
729 4000 892 4079 discriminis
906 4003 1068 4057 intercedere
1088 4002 1235 4056 contendat

168 4092 238 4147 inter
255 4094 342 4160 forem
360 4095 388 4147 et
407 4110 498 4147 assera.
