2782 4642
672 289 712 350 62

226 467 322 550 Apud
345 466 427 531 Vell.
450 466 635 530 dominium
664 468 684 531 i.
711 471 965 549 amputantes:
1002 467 1068 530 vita
1100 485 1225 531 rerum-

228 596 291 659 que
315 597 445 640 suarum
471 576 648 639 dominium
673 595 824 639 concessa
847 577 877 638 ei
900 580 977 640 sunt
999 575 1034 638 Π
1057 577 1109 658 80,
1122 580 1151 640 4.

158 687 301 769 effusus:
338 672 565 749 effusissimum
596 686 754 749 Adriatici
788 687 887 749 maris
922 687 1030 749 sinum
1057 685 1091 748 II
1129 687 1225 770 43,1.

228 795 345 859 ‘Latini
376 795 480 877 effuso
514 801 551 858 ut
584 794 697 858 Graeci
731 799 886 877 κεχυμέναι
921 795 1028 858 omma
1061 797 1171 879 ampla
1195 805 1227 862 et
1265 874 1266 878 Ἰ

227 905 369 989 spatiosa
401 903 523 967 dicunt'
557 903 686 967 Ruhnk.
720 942 764 950 —
799 903 861 968 Oic.
891 904 1017 987 efferans
1050 908 1160 973 transl.
1185 908 1226 972 de

227 1015 412 1078 hominibus
435 1013 576 1097 prodigis
599 1014 691 1078 dixit.

159 1124 267 1207 epredi
288 1143 345 1206 pro
368 1143 520 1205 superare
546 1127 688 1208 ponitur:
721 1122 955 1207 Pompeius..
982 1175 988 1189 .
1025 1145 1082 1208 per
1117 1128 1226 1190 omnia

228 1232 391 1295 fortunam
420 1234 557 1295 hominis
586 1252 733 1315 egressus
756 1232 789 1295 ΙΙ
812 1235 864 1314 40,
879 1235 907 1298 2.
931 1271 974 1279 -
1005 1253 1036 1297 v,
1062 1235 1089 1296 5.
1113 1238 1223 1298 troas·

224 1343 323 1425 predi.
967 1406 969 1410 ,
1034 1417 1037 1423 Δ

158 1451 353 1515 eminentia:
377 1454 522 1536 reperiet,
556 1452 762 1515 eminentiam
794 1453 952 1535 cuiusque
976 1453 1081 1535 operis
1105 1454 1228 1517 artissi-

227 1562 289 1624 mis
323 1567 505 1645 temporum
547 1563 694 1625 claustris
734 1560 963 1624 circumdatam
997 1561 1013 1623 I
1049 1562 1099 1643 17,
1116 1564 1146 1626 4.
1184 1600 1226 1645 ε-

168 1725 172 1735 ,
229 1670 329 1733 Cuius
363 1673 452 1735 vocis
484 1673 640 1755 interpres
674 1672 743 1761 ipse
766 1669 956 1733 adhibeatur
981 1670 1062 1735 Vcll.
1085 1671 1102 1733 I
1127 1670 1228 1754 16,2;

229 1779 398 1863 ‘cuiusque
422 1782 500 1844 clari
524 1780 627 1864 operis
644 1779 771 1860 capacia
787 1776 939 1858 ingenia'
985 1777 1082 1862 Apud
1100 1780 1227 1845 Cicero·

228 1909 313 1970 nem,
335 1891 433 1954 huius
456 1890 609 1954 vocabuli
629 1894 815 1952 novatorem
831 1887 1008 1951 eminentia
1024 1890 1152 1955 duobus
1176 1894 1226 1954 in-

229 2001 358 2061 venitur
391 1981 484 2062 locis:
517 2020 548 2063 n.
575 2000 602 2061 d.
627 1998 644 2061 I
669 1998 804 2074 38,105.
840 1998 967 2078 propria
999 2000 1105 2082 signif.
1130 2021 1226 2065 usur-

229 2114 338 2192 patur3
374 2107 483 2170 transl.
509 2105 597 2170 acad.
621 2125 668 2188 pr.
693 2104 727 2167 Il
752 2104 844 2186 7,20.
881 2107 900 2168 i.
926 2126 1003 2190 sq.
1032 2109 1142 2173 laurea
1177 2131 1227 2194 ap.

141 2276 142 2280 ,
230 2214 583 2301 Pun.ep.11113,4:
620 2213 664 2275 ‘in
699 2215 823 2297 pictura
856 2214 968 2280 lumen
1001 2237 1066 2280 non
1090 2220 1151 2283 alia
1175 2239 1228 2284 res

229 2327 331 2408 magis
355 2346 453 2409 quam
476 2324 590 2387 umbra
613 2323 837 2388 commendat’

159 2457 303 2520 accedere
325 2457 368 2518 od
389 2453 461 2517 deos
482 2453 591 2536 paullo
614 2453 807 2517 insolentius
830 2457 858 2519 is
881 2456 1007 2540 dicitur,
1042 2460 1106 2541 qui,
1140 2465 1230 2542 post-

230 2586 326 2649 quam
361 2568 427 2626 vita
462 2564 609 2644 excessit,
642 2564 676 2624 in
700 2563 834 2626 deorum
857 2567 1011 2649 recipitur
1034 2588 1227 2633 numerum:

227 2674 387 2738 Hercules
422 2674 462 2736 ad
497 2673 572 2736 deos
607 2685 790 2736 excesserat
812 2673 829 2736 Ι
854 2675 923 2756 2,1.
959 2712 1002 2723 -
1030 2678 1069 2742 cl.
1098 2677 1230 2763 Vogel.2

229 2784 278 2846 ad.
304 2781 390 2847 Curt.
411 2781 456 2847 IV
482 2780 575 2862 I,28.

160 2911 306 2955 accessus
340 2909 495 2973 perquam
522 2891 698 2953 insolenter
720 2893 848 2974 propria
877 2894 982 2976 signif.
1019 2895 1232 2978 accipiendus

230 3006 278 3065 cst
299 3021 357 3084 pro
380 3000 523 3063 decessu:
547 3018 653 3082 neque
677 3000 755 3063 dum
776 3000 940 3065 Hannibal
963 3005 997 3065 in
1016 3003 1109 3066 Italia
1124 3024 1232 3068 mora·

230 3117 290 3190 tur,
314 3128 421 3192 neque
444 3109 601 3192 proximis
624 3116 698 3191 post
721 3130 890 3174 excessum
915 3114 984 3176 eius
1013 3114 1107 3176 annis
1135 3133 1231 3177 vaca-

229 3220 277 3281 vit
299 3218 451 3282 Romanis
476 3218 616 3283 colonias
640 3221 778 3284 condere
801 3220 818 3283 I
843 3222 893 3302 15,
909 3222 937 3286 1.
969 3258 1011 3268 —
1040 3221 1139 3305 Apud
1164 3220 1231 3286 Cic.

229 3349 381 3410 excessua,
417 3330 484 3392 sivo
526 3329 670 3393 absolute
710 3333 840 3413 ponitur
878 3329 954 3416 (leg.
990 3333 1006 3394 I
1044 3335 1071 3413 1,
1089 3329 1121 3395 3.
1159 3350 1228 3414 rep.

227 3437 493 3522 [130‚52.)sive
516 3440 726 3522 coniungitur
750 3460 823 3503 curn
848 3440 955 3505 verbis
979 3440 1085 3521 coitu,
1108 3442 1128 3503 i.
1152 3460 1179 3506 s.
1197 3461 1230 3523 q.

228 3568 324 3610 moro.

161 3655 273 3739 fatalis
296 3676 382 3719 mors
405 3663 454 3720 est
477 3678 562 3721 mors
585 3663 723 3721 araturae
746 3659 848 3722 debito
871 3665 903 3722 ct
919 3660 1090 3742 opponitur
1103 3657 1228 3722 uiolent-

231 3774 296 3828 tuc:
332 3785 391 3829 seu
426 3765 554 3830 fatalem
585 3819 592 3834 .
620 3817 626 3831 .
653 3816 659 3829 .
694 3788 752 3831 seu
787 3768 953 3832 conflatam
995 3769 1123 3832 insidiis
1152 3816 1191 3832 ..
1223 3819 1231 3834 .

230 3881 365 3938 mortem
400 3876 476 3939 obiit
504 3876 537 3937 II
571 3877 601 3957 4,
616 3875 645 3940 6.
691 3878 779 3940 fatali
814 3883 914 3941 morte
948 3878 1050 3941 functi
1086 3884 1164 3942 sunt
1197 3877 1233 3940 II

229 3983 283 4066 48,
298 3985 326 4048 6.
351 4023 394 4032 -
418 3986 499 4048 Plin.
524 4005 572 4069 ep.
597 3986 614 4048 Ι
640 3986 733 4068 12,1.
757 4023 799 4032 -
838 3987 943 4071 Longe
967 3987 1094 4051 diversa
1118 3987 1227 4071 signif.

232 4095 311 4160 haec
335 4096 489 4158 vocabula
516 4097 699 4177 iunguntur
731 4116 780 4178 ap.
805 4094 867 4158 (lic.
890 4095 972 4160 Phil.
998 4095 1083 4160 XIII
1109 4096 1159 4178 16,
1174 4094 1232 4160 33:
