2782 4642
669 293 708 355 70

159 470 341 554 transgredi
363 472 382 533 i.
407 489 431 532 s.
456 490 484 552 q.
503 470 692 552 praeterere:
729 469 821 532 nulla
853 468 1014 532 festinatio
1044 468 1142 531 huius
1165 469 1230 531 viri

227 581 423 643 mentionem
458 579 637 661 transgredi
668 575 762 641 debet
785 555 820 639 Il
846 578 953 659 1083.
977 612 1021 624 -
1043 575 1116 639 Val.
1139 576 1230 639 Max.

227 689 274 752 IV
301 690 317 751 7
342 689 416 752 Eat.
442 689 477 750 2:
515 686 584 770 ‘ego
618 706 694 751 vero
719 735 726 748 .
752 736 758 750 .
785 737 792 753 .
817 688 992 750 constantis
1016 691 1048 750 et
1071 685 1231 770 benignae

228 799 387 862 amicitiae
426 797 572 879 exempla
614 798 684 860 sine
722 797 789 860 ulla
822 797 893 860 eius
929 796 1091 860 mentione
1125 800 1232 859 trans-

227 925 359 989 gressus
383 905 452 971 etc.'
477 941 521 951 —
545 904 584 969 of.
610 907 629 968 5
654 905 841 989 transgredi.
972 972 976 978 ,

159 1015 355 1080 tributarius
397 1017 419 1081 i.
461 1036 489 1098 q.
528 1015 762 1098 stipendiarius
801 1013 915 1100 (germ.
953 1011 1229 1098 steuel·pflieleti9):

229 1127 414 1189 Asiam...
437 1124 481 1187 M.
498 1123 667 1207 Perpenna
691 1173 697 1186 .
722 1173 728 1187 .
752 1171 760 1190 .
784 1125 860 1188 feeit
882 1123 1085 1187 tributariam
1097 1123 1189 1203 1138,
1199 1124 1229 1189 5.

226 1271 268 1280 —
292 1238 353 1317 Ap.
385 1231 449 1298 Cic.
481 1230 587 1318 (Verr.
620 1233 668 1296 IV
693 1233 746 1315 66,
772 1235 850 1314 148)
885 1232 1079 1302 tributarius
1107 1232 1230 1295 dieitur

232 1343 271 1406 de
293 1342 414 1406 tabulis
437 1344 477 1406 ad
501 1343 658 1407 tributum
683 1343 927 1426 pertinentibus.

161 1451 358 1514 tumultuari
380 1453 545 1516 rarissima
569 1459 743 1536 usurpatur
765 1453 1011 1536 significatione:
1043 1451 1119 1514 dum
1143 1451 1231 1513 inter

231 1562 343 1626 ducem
382 1567 413 1626 et
436 1563 614 1646 supplicem
637 1563 853 1627 tumultuatur
875 1568 914 1626 et·
930 1581 1018 1625 nuno
1041 1560 1230 1642 dignitatem

229 1672 353 1752 retinet,
388 1690 477 1735 nunc
511 1673 610 1736 vitam
640 1677 790 1755 precatur
811 1672 844 1735 ΙΙ
870 1673 955 1754 tao.
984 1707 1022 1717 -
1047 1667 1231 1750 ‘Exquisite

226 1800 294 1864 pro,
327 1781 406 1844 dum
435 1801 496 1864 per
528 1781 636 1844 animi
663 1781 938 1865 perturbationem
961 1780 1045 1842 iuter
1067 1779 1178 1841 ducem
1201 1781 1233 1840 et

228 1889 407 1972 supplicem
440 1891 587 1972 fluctuat,
623 1896 659 1955 ut
693 1890 845 1973 Sen.'Ep.
869 1889 891 1951 4
913 1889 942 1974 (1
965 1891 995 1970 4,
1013 1889 1045 1971 5)
1076 1889 1232 1971 loquitur,

228 1998 308 2061 dum
322 1999 465 2062 iueertus
483 2005 538 2076 est,
555 1999 666 2064 durem
683 2006 757 2084 opat
771 2021 817 2063 au
834 2000 1021 2083 supplicem.
1058 1997 1234 2060 Tumultus

231 2126 325 2190 saepe
349 2108 468 2170 dicitur
492 2108 531 2172 de
554 2111 654 2172 animi
678 2109 786 2173 motu'
832 2107 965 2172 Ruhnk.

166 2216 284 2280 umbra
305 2217 482 2295 insolenter
505 2224 535 2281 et
556 2220 625 2282 sine
657 2218 803 2303 exemplo
837 2218 956 2281 dieitur
991 2237 1047 2301 pro
1080 2216 1234 2279 obseura-

232 2327 334 2389 tioue:
368 2345 474 2404 neque
498 2328 584 2390 enim
608 2347 742 2411 persona
766 2328 914 2391 umbram
952 2333 1040 2390 actae
1073 2326 1120 2389 rei
1144 2327 1236 2408 oapit

228 2434 262 2498 Π
286 2435 374 2518 68,1.
417 2434 476 2499 ‘De
500 2455 600 2500 sensu
634 2439 822 2501 accesserim
847 2437 987 2502 Gesnero
1011 2435 1101 2498 Thes,
1127 2431 1163 2498 L.
1192 2433 1230 2497 L.

229 2565 259 2609 v.
290 2544 411 2609 Umbra
444 2548 490 2608 sio
524 2547 764 2632 interpretanti:
801 2567 867 2610 non
901 2547 974 2611 talis
1009 2551 1057 2610 est
1089 2562 1233 2627 persona

230 2652 365 2734 Caelius,
390 2660 427 2717 ut
450 2657 548 2718 taceri
572 2659 642 2720 eius
666 2663 736 2720 acta
759 2657 903 2741 possint'
926 2657 1055 2720 Ruhnk.

162 2761 367 2826 vexillarius:
390 2784 527 2846 magnus
539 2766 783 2829 vexillariorum
799 2785 956 2830 numerus
980 2766 1020 2828 ad
1035 2766 1231 2827 internecio-

232 2892 304 2936 nem
336 2922 342 2934 .
378 2921 384 2935 .
421 2920 427 2936 .
464 2894 575 2939 caesus
599 2875 632 2938 ll
659 2875 768 2950 nuo.
794 2913 837 2923 -
860 2878 892 2938 A
916 2876 1006 2938 Livio
1041 2872 1134 2956 (Vlll
1159 2874 1230 2948 8,4.

228 2981 363 3045 XXXV
387 2983 492 3064 5,12),
528 2985 584 3065 qui
606 2986 667 3048 hoe
689 2986 882 3049 vocabulum
905 2987 1030 3068 primus
1053 3002 1231 3065 usurpasse

229 3092 364 3172 videtur,
387 3093 578 3156 areuillurius
602 3094 720 3158 dicitur
753 3095 893 3178 signifer.
940 3093 989 3157 De
1012 3113 1098 3156 nova
1129 3093 1229 3155 buius

231 3201 320 3262 vocis
348 3207 510 3284 potestate,
547 3222 630 3285 quae
665 3224 714 3287 ap.
750 3203 832 3267 Vell.
866 3206 1004 3288 primum
1041 3203 1136 3266 obvia
1170 3210 1229 3282 est,

235 3309 380 3392 disputat
414 3309 608 3394 Marquardt.
655 3313 764 3387 Roem.
800 3312 842 3377 St.
878 3313 919 3378 V.
947 3311 995 3377 ΙΙ2
1022 3334 1051 3396 p.
1077 3311 1141 3374 463
1178 3332 1227 3395 sq.

229 3420 323 3481 euius
369 3420 466 3483 verba
512 3422 693 3486 adscribere
731 3423 843 3489 liceat:
892 3423 992 3486 ‘Nach
1035 3423 1090 3486 der
1124 3423 1228 3485 dureh

232 3530 361 3612 August
385 3531 605 3613 eingefiihrten
630 3532 746 3596 Praxis
769 3533 904 3596 wurden
929 3534 980 3596 die
996 3532 1145 3596 Soldaten
1170 3531 1230 3594 der

232 3637 359 3722 Legion,
384 3659 478 3704 wenn
503 3644 549 3706 sie
573 3643 655 3705 naeh
680 3644 977 3726 zwanzigjiihrigem
1001 3640 1134 3705 Dienste
1157 3640 1230 3704 ihre

232 3748 430 3833 Entlassung
454 3753 606 3814 erhielten
631 3801 637 3813 .
663 3801 670 3817 .
697 3802 703 3814 .
729 3752 797 3816 fiirs
828 3756 911 3816 erste
942 3773 1001 3815 zur
1027 3749 1227 3835 Disposition

231 3860 366 3940 gestellt.
415 3859 466 3923 Sie
489 3867 593 3924 traten
609 3882 695 3924 zwar
718 3882 775 3926 aus
792 3862 848 3924 der
863 3863 983 3944 Legion
1000 3882 1069 3943 aus,
1092 3861 1229 3924 wurden

230 3968 316 4032 ihres
341 3969 510 4033 Schwures
543 3971 729 4034 entbunden
759 3969 985 4056 (exauctorati)
1015 3971 1083 4035 und
1111 3973 1229 4033 hbrten

232 4078 295 4159 auf,
318 4085 414 4142 noter
437 4080 508 4145 dem
528 4079 656 4144 Befehle
678 4081 733 4144 des
756 4081 881 4164 legatus
897 4083 1032 4164 legionis
1048 4101 1089 4144 zu
1106 4080 1231 4162 stehen,
