2782 4642
674 309 714 371 60

227 487 328 569 cepere
359 485 491 549 obvium
518 491 580 548 est:
615 506 713 568 quem
748 487 880 549 militiae
910 483 1077 568 gradum.
1103 533 1110 547 .
1135 532 1142 547 .
1167 503 1224 547 au·

97 669 100 676 ,
228 598 368 679 spicatas
384 597 419 669 in
431 595 564 658 Thracia
583 645 589 657 .
606 644 612 656 .
632 643 639 658 .
666 594 887 658 recordatione
902 594 1050 678 perfruor
1061 593 1091 658 ΙΙ
1105 594 1178 668 101,
1193 595 1224 658 3.

157 706 348 789 auspicatus
380 706 400 768 i.
432 723 456 767 s.
492 724 522 786 q.
560 703 704 783 faustus:
744 724 818 767 oum
851 754 857 767 .
887 753 927 770 ..
968 705 1140 786 auspicatis
1175 704 1224 767 rei

226 814 374 897 publicae
412 813 575 876 ominibus
614 814 760 877 durIsset
794 833 863 876 eam
898 810 1051 895 (Liviam)
1088 823 1224 876 uxorem

227 922 260 986 II
286 921 374 1000 tau.
399 960 441 968 -
466 921 544 985 Hor.
567 921 598 984 C.
622 922 673 985 III
697 923 726 1004 d,
743 925 792 985 10.

160 1033 344 1096 aourtculus
362 1031 468 1095 motor
484 1053 540 1116 pro
564 1033 724 1096 auunculo
745 1052 860 1114 ruupuo
876 1030 953 1115 (Cic.
965 1030 1058 1095 Brut.
1078 1032 1130 1107 62,
1144 1028 1223 1114 222)

226 1143 372 1225 ponitur:
399 1141 432 1206 C.
459 1139 584 1223 Caesar,
606 1144 708 1214 maior
731 1144 801 1205 eins
817 1140 864 1225 (C.
880 1140 1016 1226 Octavii)
1039 1141 1223 1204 avunculus

227 1251 261 1314 II
286 1252 373 1328 59,3.
400 1287 442 1295 -
467 1250 553 1314 Suet.
577 1248 664 1333 Aug.
691 1253 718 1315 7.
745 1251 857 1315 Claud.
875 1253 904 1313 3.
930 1287 973 1296 -
997 1250 1034 1313 ct.
1059 1249 1223 1316 Drakenb.

227 1359 268 1421 ad
291 1357 359 1424 Ltv.
386 1361 459 1443 epIt.
483 1361 504 1422 l.
529 1359 663 1437 CXVII,
701 1360 758 1424 ubi
792 1362 841 1423 vir
871 1361 1077 1424 doctissimus
1101 1360 1224 1434 statuit,

226 1471 427 1532 aestuatum
450 1489 607 1553 recoquunt
631 1471 732 1545 aviae,
757 1491 785 1533 u.
810 1469 964 1533 maiorem
987 1469 1139 1551 proaviae
1162 1467 1226 1530 fra-

226 1584 309 1641 trem
333 1598 411 1655 esse,
445 1579 500 1642 sed
532 1580 566 1640 in
600 1581 765 1643 communi
787 1579 941 1662 loquendi
965 1599 1027 1646 usu
1053 1584 1226 1665 scriptores

227 1688 308 1750 illud
333 1688 505 1752 discrimen
529 1707 592 1751 non
619 1689 815 1752 observasse.

161 1818 293 1881 condere
315 1819 473 1882 coloratum
496 1819 512 1880 1
537 1820 565 1899 3,
578 1819 607 1883 3.
642 1818 658 1881 I
684 1819 765 1892 liar
792 1827 823 1882 et
845 1819 875 1882 4.
899 1819 932 1882 II
958 1820 1022 1898 7‚8.
1045 1857 1088 1868 -
1112 1841 1137 1884 c.
1162 1839 1223 1884 uo-

212 1928 354 2005 minare
376 1927 409 1990 II
435 1928 517 2004 74‚2
542 1928 582 2007 (c.
608 1929 767 2011 appellare
790 1928 873 1994 Hirt.
898 1929 928 1995 b.
955 1929 990 1993 G.
1015 1929 1096 1993 VIII
1120 1928 1226 2014 50,1).

227 2073 270 2083 -
293 2058 318 2101 c.
340 2056 460 2120 ponere
483 2036 516 2099 ΙΙ
541 2037 595 2117 7,7
629 2034 724 2121 (Flor.
747 2038 764 2100 I
787 2041 863 2115 4,·2:
894 2037 1048 2103 Ostiam.
1073 2089 1081 2105 .
1106 2091 1112 2104 .
1141 2039 1226 2102 colo·

227 2148 314 2209 niam
337 2146 453 2228 posuit.
478 2182 520 2192 —
543 2166 658 2228 ponere
692 2148 803 2211 crudem
844 2151 971 2232 saepius
998 2149 1114 2231 legitur
1137 2147 1225 2230 apud

227 2253 362 2339 poetas).
387 2254 574 2319 —Tamen
602 2256 766 2320 sollemnis
800 2259 860 2321 hac
887 2261 921 2321 in
950 2279 984 2323 re
1008 2258 1144 2321 elocutio
1166 2256 1221 2319 de·

227 2366 338 2429 stricare
360 2364 519 2428 comatam
542 2365 643 2429 multo
672 2368 802 2450 saepius
831 2369 950 2451 legitur
972 2389 1021 2452 ap.
1046 2366 1225 2430 Velleium:

227 2476 244 2538 I
271 2477 319 2538 14.
344 2477 449 2540 sentes
473 2482 505 2539 et
527 2477 565 2538 al.

226 2586 358 2648 cocidere
396 2587 588 2649 insolentius
628 2585 666 2648 de
703 2587 833 2668 regione
873 2587 1003 2664 dicitur,
1050 2588 1082 2648 in
1125 2604 1225 2668 quam
1293 2580 1296 2585 ’

227 2694 280 2756 vel
325 2697 420 2776 prtmi
465 2697 589 2758 incolae
639 2696 690 2757 vel
740 2697 818 2758 novi
867 2699 952 2759 cives
1003 2696 1224 2759 deducuntur:

228 2795 379 2885 [insulam
425 2803 664 2887 circumfusam]
710 2802 836 2867 Oceano
886 2804 983 2868 Gadis
1027 2804 1168 2866 condidit
1208 2803 1224 2866 I

229 2915 260 2989 2,
279 2914 309 2976 3.
379 2912 472 2976 Hanc
517 2913 608 2976 verbi
657 2914 787 2977 condere
833 2917 898 2976 vim
944 2933 1008 2977 non
1056 2918 1224 2977 assecutus

228 3019 357 3104 Lipsius
385 3025 525 3106 scripsit:
561 3022 604 3084 ‘ln
641 3023 748 3086 insula
784 3024 977 3086 circumfusa
1011 3023 1091 3104 etc),
1126 3041 1222 3106 quem

227 3129 380 3195 Halmius
405 3139 539 3196 secutus
563 3138 618 3194 est.
665 3132 778 3215 Neque
807 3141 911 3196 tamon
942 3153 1024 3217 opus
1053 3138 1165 3196 est-
1190 3133 1223 3195 id

229 3241 315 3323 quod
350 3248 387 3304 ut
419 3261 531 3305 omnes
559 3242 664 3304 adhuc
697 3244 834 3306 editores
858 3242 1023 3324 vulgatam
1045 3244 1224 3306 retinentes

157 3411 160 3417 .
227 3354 271 3413 ita
295 3351 435 3434 Georges
459 3372 488 3433 p.
510 3352 552 3413 46
576 3352 779 3414 fecerunt-
796 3353 879 3413 hanc
901 3352 992 3416 verbi
1016 3351 1228 3435 significatio*

227 3479 301 3522 nem
327 3479 368 3523 ex
391 3481 505 3544 graeco
529 3456 652 3540 κτίζειν
683 3471 835 3544 repetere.
881 3460 965 3524 Nam
995 3461 1142 3524 similiter
1169 3461 1224 3522 alii

227 3568 318 3631 latini
335 3571 503 3652 scriptores
519 3570 619 3632 locuti
640 3579 725 3634 sunt.
759 3569 1157 3653 of.Verg.Aen.VI1157
1173 3589 1223 3652 sq.

229 3676 306 3758 ‘Ipse
331 3679 444 3741 humili
469 3679 615 3760 designat
637 3681 763 3743 moenia
785 3680 870 3743 fossa
894 3679 1090 3762 Moliturque
1113 3679 1224 3742 locum

228 3787 258 3860 tl.
282 3807 308 3852 e.
344 3789 377 3848 in
413 3787 482 3850 loco
518 3789 661 3851 aedificia
691 3791 835 3871 molitur)
859 3791 1044 3872 primasque
1072 3789 1105 3850 in
1131 3788 1224 3852 litore

228 3896 319 3959 sedes
363 3895 546 3960 Castrorum
589 3899 624 3959 in
667 3917 788 3961 morem
827 3900 935 3981 pinnis
972 3907 1071 3980 atque
1109 3916 1225 3980 aggere

226 4005 347 4088 cingit!
377 4043 418 4051 -
443 4006 530 4070 Suet.
556 4006 651 4089 Vesp.
676 4008 884 4084 8=230,20
908 4006 945 4072 R.
977 4000 1112 4070 ‘vacuas
1135 4025 1224 4070 areas

228 4133 387 4197 occupare
415 4122 446 4178 et
470 4115 638 4178 aedificare
663 4114 774 4200 (germ.
801 4115 956 4197 tebuueu)
980 4166 986 4178 .
1013 4165 1020 4180 .
1046 4167 1053 4182 .
1079 4118 1226 4180 cuicum·
