2782 4642
677 287 716 349 76

228 485 288 528 sua
313 411 428 529 Caesar
450 465 591 528 servavit
612 463 808 527 incolumem
832 461 985 544 (Sosium)
1008 460 1044 524 ΙΙ
1067 461 1118 544 86,
1129 463 1160 526 2.
1184 496 1228 509 -

228 574 294 637 Liv.
318 573 435 637 XXIV
460 573 571 656 26,13.

157 703 335 788 †eoar‘eure
358 703 494 767 verbum
519 703 620 786 poetis
643 700 901 782 usitatissimum,
925 700 1012 783 quod
1035 701 1110 764 inde
1135 721 1153 764 a
1177 699 1229 763 Li-

227 814 280 875 vio
305 814 339 875 in
362 832 457 896 prosa
482 813 623 875 oratione
648 811 796 891 occurrit,
818 809 964 874 Velleius
986 811 1036 872 his
1062 812 1230 894 usurpavit

228 922 322 985 locis:
348 922 486 1006 plurimo
511 970 518 986 .
544 971 551 987 .
577 969 584 985 .
608 922 683 1003 igne
705 920 847 983 emicans
869 919 1059 983 incendium
1082 920 1230 984 militaris

228 1031 388 1095 tumultus
411 1030 445 1093 ΙΙ
463 1028 572 1111 maa.
601 1048 665 1111 qua
684 1047 739 1091 cor
754 1030 869 1092 emicat
891 1028 925 1092 ΙΙ
942 1029 1029 1111 VO,5.
1054 1065 1096 1075 —
1120 1027 1230 1095 Plaut.

228 1140 299 1202 Aul.
335 1139 383 1202 lV
420 1141 486 1219 3‚4
520 1136 597 1223 (619
633 1137 685 1201 W.
721 1135 887 1221 Wagner):
927 1156 981 1200 cor
1016 1139 1119 1221 coepit

229 1267 377 1312 emicare.

158 1377 279 1461 †eoa'ti
301 1396 357 1460 pro
368 1398 485 1461 parcre
501 1382 688 1461 usurpatur:
717 1395 814 1460 quem
830 1376 915 1439 intra
936 1374 1079 1440 Caesaris
1095 1382 1230 1460 penates

229 1489 325 1550 enixa
360 1492 426 1550 erat
460 1484 551 1549 Liria
584 1487 619 1550 ΙΙ
644 1488 730 1568 95,l.
778 1485 821 1550 M.
849 1486 1000 1569 Agrippa,
1035 1505 1133 1569 quem
1155 1535 1162 1548 .
1186 1533 1229 1552 ..

229 1595 319 1659 Julia
354 1596 450 1659 enixa
483 1604 550 1658 erat
572 1595 607 1659 ΙΙ
631 1597 705 1678 104,
724 1598 752 1659 1.
778 1633 820 1641 —
843 1593 912 1660 Lrv.
938 1593 1000 1657 XL
1024 1596 1054 1676 4,
1072 1596 1100 1658 4.
1124 1632 1168 1641 -
1192 1596 1234 1661 ef.

228 1703 377 1788 Kvieala‚
416 1704 507 1769 Neue
546 1704 699 1789 Beitriige
738 1726 797 1769 zur
830 1703 1014 1787 Erkliirung
1053 1705 1110 1769 der
1149 1706 1232 1770 Aen.

228 1812 337 1897 (Prag.
364 1813 462 1899 1881)
489 1835 519 1897 p.
544 1815 584 1876 52
609 1834 655 1897 sq.

157 1984 270 2027 cratere
293 1984 350 2047 pro
373 1964 501 2028 diruere
526 1965 656 2029 dicitur:
680 1963 716 2030 L.
740 1964 918 2028 Mummius
942 1963 1130 2028 Corinthum
1156 2014 1164 2031 .
1189 2013 1198 2031 .
1224 2017 1231 2032 .

228 2073 376 2137 funditus
401 2075 486 2138 eruit
509 2074 526 2137 Ι
552 2075 581 2136 1:
596 2124 603 2156 ,
620 2075 649 2140 1.
695 2074 892 2138 Telesinus.
919 2123 926 2137 .
952 2124 960 2140 .
996 2074 1236 2140 vociferabatur

232 2183 406 2246 eruendam
437 2183 670 2268 delendamque
703 2182 874 2247 urbemn
899 2186 990 2266 2V,2.
1039 2188 1131 2248 eruta
1155 2184 1232 2249 Car-

227 2292 357 2393 thagine
380 2292 414 2355 II
437 2290 528 2374 38,2.
553 2331 595 2339 —
619 2293 717 2376 Verg.
744 2293 905 2377 -Apud
934 2312 1047 2377 prosae
1076 2295 1232 2360 orationis

229 2404 400 2485 scriptores
417 2401 541 2467 Velleio
561 2408 663 2467 aetate
688 2403 869 2486 superiores
892 2423 1000 2466 eruere
1023 2409 1081 2467 aut
1103 2407 1232 2488 proprie
1282 2474 1285 2478 ,

229 2519 277 2574 est
301 2511 435 2592 evellere,
460 2511 580 2595 eripere
603 2518 659 2576 aut
682 2513 791 2577 transl.
815 2513 854 2575 in
877 2513 981 2576 laeam
999 2512 1156 2596 proferre.

161 2654 289 2718 evehere
311 2676 368 2739 pro
392 2658 561 2740 perdocere
584 2655 662 2741 (Cic.
679 2677 738 2721 am.
759 2657 870 2738 20‚V3.
896 2655 984 2720 Caes.
1001 2655 1039 2721 e.
1055 2657 1120 2722 VII
1133 2657 1232 2747 39,1)

229 2764 362 2827 dicitur:
400 2787 496 2849 quem
530 2784 634 2849 usque
668 2768 704 2828 in
738 2767 868 2829 tertium
903 2767 1108 2829 consulatum
1142 2814 1149 2828 .
1183 2818 1191 2834 .
1221 2815 1229 2830 .

139 2890 144 2929 :
230 2875 369 2938 amicitia
392 2877 548 2959 principis
583 2880 735 2940 evexerat
761 2874 795 2937 Π
821 2876 910 2953 90,1.
956 2873 1089 2960 (Eadem
1124 2876 1230 2958 signif.

228 2994 404 3066 usurpatur
413 2985 602 3067 provehere:
621 3005 639 3048 a
653 3004 716 3067 quo
732 2985 850 3067 ipsein
867 2985 1034 3048 consulare
1057 2991 1230 3068 provectus

228 3089 397 3175 fastigium
420 3093 527 3157 fuerat
549 3093 583 3156 ΙΙ
607 3094 700 3175 69,1.
747 3096 802 3177 qui
828 3141 835 3155 .
858 3141 865 3155 .
890 3142 898 3158 .
922 3093 974 3177 Sp.
999 3092 1175 3158 Carvilium
1199 3101 1232 3160 et

230 3219 307 3262 mox
341 3201 384 3265 ll.
415 3201 565 3266 Catonem
597 3253 638 3270 ..
666 3255 672 3268 .
709 3205 744 3266 in
780 3204 975 3286 consulatus,
1010 3223 1163 3269 censuras
1201 3215 1233 3270 et

229 3310 409 3394 triumphos
425 3332 602 3395 provexere
625 3312 660 3376 Π
678 3313 749 3394 128,
761 3315 789 3375 2.
801 3349 845 3358 -
862 3313 900 3376 cf.
923 3313 1002 3378 Hor.
1024 3313 1057 3380 Ο.
1070 3314 1232 3402 Urgao.)

229 3457 274 3466 -
297 3419 350 3484 Sic
373 3422 461 3485 evehi
483 3442 501 3484 a
525 3423 650 3487 Velleio
674 3423 834 3504 dicuntur,
868 3425 923 3505 qui
954 3424 989 3486 in
1013 3421 1232 3506 amplissimos

231 3530 368 3594 honores
393 3532 585 3595 ascendunt:
623 3535 798 3617 quominus
826 3531 873 3594 ad
903 3532 1091 3616 multiplicis
1114 3554 1231 3598 consu-

229 3639 313 3703 latus
336 3641 578 3724 triumphosque
594 3648 625 3706 et
641 3643 805 3725 complura
819 3637 828 3727 l]
839 3639 1067 3729 eveherenturll
1083 3640 1228 3728 (mome-

231 3753 345 3810 renna·
369 3748 458 3836 MA)
484 3753 661 3816 sacerdotia
685 3751 718 3814 ΙΙ
744 3752 852 3834 127‚1.
897 3754 932 3815 in
956 3773 1121 3816 summum
1143 3753 1233 3817 fasti-

229 3858 321 3939 gium
346 3861 438 3923 evehi
461 3860 495 3923 II
520 3861 606 3943 30,3.
631 3861 665 3923 II
690 3861 777 3943 56‚3.
825 3866 954 3924 evectae
977 3863 1012 3924 in
1037 3863 1231 3927 altissimum

230 3972 465 4052 paternumque
488 3971 652 4056 fastigium
675 3971 826 4053 imaginis
850 3970 883 4033 Il
909 3972 1016 4053 rrae.
1057 3974 1119 4035 viri
1140 3974 1175 4035 in
1198 3973 1232 4035 id

108 4099 111 4103 ·
230 4078 345 4154 erecti,
371 4098 468 4162 super
492 4082 577 4163 quod
601 4080 732 4145 ascendi
754 4099 821 4143 non
844 4086 951 4164 potest
973 4081 1006 4144 ΙΙ
1031 4084 1119 4165 53‚3.
1142 4082 1262 4146 Accii·
