2782 4642
677 278 717 340 72

585 367 799 378 -—-——-.

227 456 356 538 rrae.
380 413 531 520 secessas
565 455 669 539 plebis
697 503 705 518 .
731 503 772 521 ..
808 455 1025 520 dissensiones
1059 455 1093 519 Π
1117 457 1228 539 rani.

227 565 268 629 ad
291 565 535 648 consequendos
561 583 643 648 quos
676 566 798 648 priores
833 565 994 646 ducimuS,
1017 566 1228 630 accendimur

225 675 243 738 Ι
267 675 354 754 lm.
377 672 564 736 nationibus
587 675 622 736 in
647 694 736 737 arma
759 676 901 739 accensis
924 673 959 736 ΙΙ
984 675 1066 757 98,1.

159 786 301 850 adserere
336 783 435 868 absol.
475 784 617 867 positum
650 784 670 845 i.
700 803 723 847 s.
757 804 787 866 q.
821 781 998 846 triadicure:
1039 783 1229 848 adserebant

227 895 382 958 salutaria
405 892 617 975 reipublicae
640 896 867 975 terrarumque
891 892 977 956 orbis
994 893 1061 956 fata
1084 893 1228 956 condito-

225 1022 294 1067 rem
329 1007 654 1084 conservationemque
681 1001 819 1065 Romani
853 1004 993 1066 nominis
1016 1001 1049 1064 H
1074 1001 1160 1083 60‚1.
1183 1038 1228 1050 —

227 1111 286 1176 Or.
310 1111 429 1178 Met-I
453 1113 526 1175 462.
550 1110 623 1174 Val.
648 1109 736 1173 Max.
761 1110 809 1173 IV
832 1113 898 1193 4,4.

159 1223 322 1286 adstruere
341 1219 427 1303 apud
441 1218 528 1284 Caes.
543 1218 576 1282 Ο.
601 1219 634 1282 ΙΙ
660 1221 741 1301 9,2.,
765 1221 821 1302 qui
843 1220 904 1283 hoc
927 1219 1065 1283 verbum
1087 1238 1227 1284 novasse

226 1331 362 1410 videtur,
394 1329 523 1412 propria
555 1329 663 1411 signif.
698 1329 832 1411 legitur3
868 1329 981 1392 transl.
1011 1332 1229 1412 usurpaturo

226 1439 344 1502 Nostro
375 1443 551 1522 praeeunte
584 1436 700 1501 Ovidio
735 1435 776 1522 (a.
802 1458 829 1500 a.
854 1437 887 1500 ΙΙ
913 1436 1004 1522 119);
1041 1442 1078 1501 ut
1100 1436 1228 1501 Livium

230 1567 361 1632 quoque
396 1550 539 1631 priorum
576 1548 672 1612 aetati
701 1548 850 1611 adstruas
877 1546 911 1609 II
937 1547 987 1627 17,
1001 1548 1030 1610 2.
1062 1547 1165 1610 victus
1189 1546 1229 1610 ab

230 1677 267 1720 eo
298 1658 477 1722 Pharnaces
512 1658 571 1719 vix
607 1657 784 1739 quidquam
819 1657 939 1739 gloriae
969 1657 1040 1719 eius
1068 1656 1230 1719 adstruxit

227 1766 379 1848 1155,2.

159 1874 343 1938 adsuescere
365 1895 423 1958 pro
447 1873 663 1957 adsuefacere:
699 1874 908 1938 aedificandis
935 1873 1074 1937 navibus
1098 1878 1227 1937 contra-

228 1985 402 2067 hendoque
424 1984 521 2046 militi
545 2004 581 2046 ac
613 1985 728 2065 remigi
752 1983 987 2066 navalibusque
1010 1982 1230 2047 adsuescendo

226 2091 455 2156 certaminibus
481 2141 489 2156 .
512 2141 522 2159 .
548 2139 555 2155 .
579 2092 760 2175 praefectus
784 2097 833 2156 est
855 2091 898 2155 Μ.
923 2093 1064 2176 Agrippa
1087 2090 1120 2154 Π
1135 2093 1229 2174 rel.

227 2234 270 2246 —
293 2199 372 2265 Hor.
399 2200 431 2265 S.
457 2201 491 2264 ΙΙ
516 2200 620 2281 2,109
655 2201 744 2285 (ibid.
770 2202 787 2265 Ι
810 2203 840 2283 4,
853 2201 931 2263 105:
965 2203 1108 2265 insuevit
1137 2207 1231 2285 pater

232 2309 373 2391 optimus
396 2312 457 2375 hoc
480 2310 554 2397 me).
591 2310 631 2373 cf.
655 2315 752 2374 etiam
776 2310 874 2394 Verg.
900 2311 980 2375 Aen.
1006 2310 1054 2373 VI
1077 2312 1155 2374 833:
1189 2330 1232 2376 ne

230 2422 316 2482 tanta
340 2422 456 2483 animis
480 2420 661 2484 adsuescite
683 2419 778 2486 belia.

160 2525 294 2611 tepere
316 2528 403 2612 alam
425 2550 538 2593 roura:
572 2528 608 2593 P.
636 2528 768 2593 Clodius
792 2579 800 2595 .
824 2579 832 2594 .
858 2580 864 2593 .
899 2534 991 2594 actus
1013 2530 1127 2593 incesti
1149 2548 1229 2594 reus

228 2637 261 2700 ΙΙ
284 2639 378 2718 45,1.
414 2673 456 2686 -
491 2638 561 2705 biv,
585 2638 703 2702 XXIV
727 2639 821 2720 2o,1.
872 2637 1026 2724 (Georges
1049 2660 1079 2722 p.
1104 2638 1148 2700 44
1170 2658 1229 2722 pro

227 2747 288 2808 hac
323 2747 486 2811 locutione
521 2747 611 2810 aflert
651 2746 719 2810 Liv.
762 2747 853 2812 XLV
890 2750 986 2832 37,8;
1021 2748 1076 2812 sed
1112 2750 1229 2812 merito

230 2854 273 2917 M.
299 2854 409 2921 Hertz.
438 2856 485 2918 ibi
520 2857 659 2939 scripsit:
698 2856 782 2939 apud
817 2860 998 2922 contionem
1033 2863 1172 2942 togatam
1196 2863 1230 2922 et

223 2963 381 3028 urbanam
426 2968 517 3048 prius
562 2986 613 3027 res
653 2966 787 3049 agatur).
853 2965 911 3030 Or.
949 2965 1024 3030 Met.
1061 2966 1126 3029 XV
1169 2967 1228 3030 36:

227 3072 480 3157 spretarumque
504 3075 609 3155 agitur
640 3075 748 3158 legum
772 3094 854 3140 reus.
893 3113 934 3121 —
970 3075 1142 3140 Sollemnis
1166 3076 1228 3138 hac

226 3184 261 3245 in
285 3203 319 3247 re
342 3183 489 3265 formula,
514 3202 597 3265 quae
621 3184 688 3247 sola
712 3205 760 3268 ap.
779 3184 844 3250 Gic.
869 3186 1036 3268 reperitur,
1060 3190 1108 3248 est
1122 3186 1229 3267 facere

156 3314 159 3320 ’
227 3293 313 3375 adpre
335 3313 437 3356 reum.

160 3402 407 3486 †attaquo'uue.·
433 3402 601 3485 Augustus
620 3452 625 3465 .
647 3451 676 3464 ..
701 3402 901 3467 subretectus
924 3405 1027 3487 primo
1051 3407 1227 3486 conspectu

228 3493 434 3595 alloquibque
458 3512 615 3574 carissimi
641 3511 701 3575 sibi
725 3513 859 3595 spiritus
883 3512 916 3575 II
943 3514 1014 3594 123,
1024 3512 1054 3576 2.

159 3620 282 3684 ambire
304 3623 326 3684 i.
351 3641 376 3685 s.
402 3641 431 3703 q.
455 3620 668 3686 circumdare:
700 3641 783 3704 quae
808 3620 931 3707 (aedes)
961 3642 1051 3686 nunc
1075 3621 1228 3687 Octaviae

226 3731 403 3814 porticibus
428 3730 618 3794 ambiuntur
640 3730 657 3793 Ι
684 3731 733 3813 11,
745 3733 773 3796 3.
800 3734 835 3793 in
858 3733 976 3812 insula,
1001 3753 1098 3814 quam
1122 3733 1227 3796 amnis

227 3839 407 3922 Euphrates
442 3839 604 3904 ambiebat
627 3840 661 3903 Π
688 3840 759 3923 101,
774 3842 803 3904 1.
841 3878 884 3886 -
919 3840 1044 3905 Similia
1072 3841 1228 3904 exhibent

227 3955 349 4031 poetae.
375 3985 417 3995 -
440 3949 512 4013 Tac.
539 3949 611 4014 hist.
634 3949 665 4013 V
680 3951 737 4015 12:
762 3951 849 4033 ipsae
873 3952 1026 4034 porticus
1051 3952 1124 4033 quis
1147 3956 1229 4014 tem·

226 4057 316 4139 plum
340 4057 532 4121 arnbibatur.
