2782 4642
707 304 747 367 90

258 481 293 543 ΙΙ
319 481 431 562 120,4.
462 515 505 527 -
537 479 645 563 paullo
668 479 864 555 insolentius
888 480 1006 543 dicitur
1027 479 1066 543 de
1094 480 1257 563 personis:

259 589 515 673 inexsuperabili
537 608 636 652 manu
660 588 884 674 (praedonum)
906 588 941 652 Il
965 591 1016 670 32,
1029 590 1059 650 4.

195 699 326 785 [inicere
348 697 470 785 renarra]
496 700 516 764 i.
542 718 566 764 s.
593 719 624 781 q.
647 698 753 761 rixam
777 699 875 761 ciere:
910 698 948 762 de
971 697 1130 762 industria
1153 699 1259 762 rixam

259 810 396 874 iniciens
420 857 428 874 .
453 857 491 872 ..
524 810 737 892 interemptus
771 812 819 871 est
850 808 962 890 12‚l.
985 844 1029 855 —
1061 807 1127 883 Ubi
1150 807 1259 871 renem

260 917 399 982 iniciens
422 917 596 1000 legendum
620 935 702 995 esse,
732 935 797 979 non
820 916 929 980 rinonr
951 916 1046 998 elena,
1071 916 1158 1000 quod
1180 916 1259 1007 Hal-

260 1028 347 1092 mins
371 1027 459 1091 solus
483 1027 698 1090 recentiorum
728 1024 961 1108 praeeuntibus
984 1026 1122 1090 Burerio
1145 1025 1259 1089 Ruhn-

259 1136 355 1201 kenio
379 1136 450 1198 aliis
473 1136 505 1197 in
531 1134 705 1199 verborum
741 1135 887 1198 ordinem
917 1135 1045 1217 recepit,
1078 1136 1114 1197 in
1146 1136 1258 1218 primis

261 1245 340 1308 milri
364 1245 525 1327 persuasit
556 1242 716 1310 Kreusins
750 1245 786 1307 in
820 1243 969 1308 Addeud.
1005 1248 1036 1307 et
1071 1242 1260 1327 Corrigeud.

260 1374 291 1436 p.
315 1351 428 1416 XXX.
535 1409 539 1422 .

261 1462 314 1526 Ad
349 1464 640 1527 commendandum
676 1463 804 1528 dicendi
845 1482 944 1527 nsum
978 1460 1141 1526 Kreusius
1177 1462 1260 1527 bene

261 1573 397 1636 contulit
431 1571 501 1636 Liv.
535 1572 587 1636 HI
622 1573 704 1655 aad
746 1572 880 1659 (inicere
915 1569 1166 1654 contentionem)
1200 1570 1259 1634 ubi

260 1680 423 1746 Drakenb.
451 1684 613 1766 congessit
635 1683 740 1766 plura.
765 1718 807 1730 ω-
830 1682 943 1745 Minus
959 1681 1100 1763 apposite
1117 1678 1258 1763 Georges

259 1791 281 1854 l.
307 1792 326 1856 l.
351 1811 382 1874 p.
406 1789 449 1853 48
474 1791 580 1856 attulit
604 1789 669 1857 Cic.
696 1792 762 1859 Cat.
785 1791 837 1854 III
861 1791 933 1872 3,r:
958 1789 1010 1852 ‘ne
1033 1795 1153 1852 temere
1169 1808 1187 1851 a
1205 1806 1258 1852 me

260 1905 369 1965 tantus
392 1899 553 1964 tumultus
576 1902 716 1967 iniectus
740 1901 862 1965 civitati
876 1897 1059 1980 videretur',
1083 1899 1179 1961 cuius
1194 1898 1259 1960 loci

259 2011 340 2072 ratio
364 2010 491 2072 diversa
506 2015 563 2074 est.

193 2108 324 2200 e'nan'es
347 2137 396 2200 ap.
423 2117 505 2200 Sall,
537 2119 594 2201 qui
627 2120 751 2202 primus
780 2119 841 2181 hoc
865 2118 1059 2182 adiectivum
1081 2134 1258 2199 usurpasse

261 2226 398 2308 videtur,
423 2228 568 2310 quinque
584 2229 750 2292 invenitur
765 2228 854 2291 locis.
900 2225 986 2289 Eum
999 2230 1128 2290 secutus
1140 2225 1169 2290 N
1173 2231 1259 2290 oster·

262 2336 361 2398 dixit:
391 2337 441 2399 vir
468 2338 595 2421 inquies
618 2337 652 2400 Il
681 2337 733 2419 68,
745 2338 774 2402 3.
799 2337 928 2400 animus
951 2337 1082 2419 inquies
1104 2335 1138 2398 H
1163 2335 1258 2419 Il,2.

193 2444 374 2528 inquietus:
401 2445 434 2511 Ο.
459 2444 581 2510 Marius
607 2496 614 2510 .
640 2495 647 2510 .
673 2494 680 2511 .
703 2447 864 2530 impotens
881 2464 1072 2528 semperque
1089 2445 1260 2528 inquietus

259 2554 293 2617 II
318 2554 408 2637 ll,l.
442 2591 484 2600 -
519 2554 600 2619 Hor.
626 2553 828 2636 e.1113‚5.
862 2555 907 2617 id.
931 2553 991 2637 Ep.
1017 2555 1046 2632 5,
1060 2555 1112 2618 95.
1146 2552 1259 2618 urar

260 2663 355 2745 46,2.
379 2663 429 2726 III
453 2663 505 2745 46,
516 2665 545 2729 2.
570 2663 601 2726 V
625 2665 718 2747 42,6.

191 2772 346 2835 tralucens:
388 2774 507 2835 intacta
540 2776 730 2855 perniciosis
771 2773 914 2838 consiliis
940 2773 1031 2857 plebs
1059 2772 1103 2835 ΙΙ·
1117 2776 1146 2855 3,
1158 2775 1188 2839 2.
1212 2808 1257 2819 -

261 2880 345 2945 (lael.
369 2901 420 2965 ap.
446 2880 508 2944 Cic.
532 2882 606 2946 fam.
630 2882 710 2947 VIII
734 2884 804 2962 2,1.
851 2881 927 2945 Sall.
948 2881 1019 2948 hir.
1036 2881 1257 2947 Usitatissima

260 3010 335 3055 vero
359 2992 438 3054 haec·
460 3011 525 3053 vox
549 2997 597 3055 est
619 2993 732 3072 poetis.

192 3098 389 3183 interrepere
404 3100 492 3183 olqne
504 3101 696 3165 sententiani
709 3105 820 3164 contra
836 3102 1043 3165 classicorum
1063 3103 1256 3184 scriptorum

260 3210 527 3273 consuetudinem
563 3210 695 3273 dicitur:
730 3211 782 3273 hic
813 3212 1029 3294 interrogatus
1061 3212 1257 3275 sententiam

259 3316 295 3381 Π
320 3320 370 3401 35,
382 3321 411 3382 3.
438 3355 480 3365 -
504 3317 575 3385 Liv.
598 3318 751 3384 XXXVI
776 3320 845 3402 7,1.

193 3428 356 3491 ludicrum
371 3427 474 3492 subst.
490 3429 511 3493 i.
530 3449 561 3512 q.
585 3422 694 3515 dyeia
716 3429 733 3492 Ι
757 3431 787 3507 8,
799 3431 828 3495 2.
849 3427 1013 3511 11123,1.
1038 3465 1080 3476 —
1103 3428 1173 3494 liv,
1193 3425 1254 3515 (ln-

260 3538 388 3601 rle'ernrn
411 3543 569 3603 certarnen
593 3538 818 3623 Olympiorum
841 3537 903 3620 18,
916 3535 956 3623 1.)

192 3647 387 3711 nenrnrna'lln:
424 3667 497 3711 cum
521 3668 710 3712 mucronem
742 3649 841 3733 gladii
865 3695 873 3711 .
898 3696 906 3714 .
932 3696 940 3713 .
969 3648 1117 3712 sinistrae
1144 3648 1254 3712 admo-

259 3757 358 3820 visset
380 3759 573 3822 mammillae
601 3758 635 3820 II
660 3758 710 3840 70,
722 3760 751 3823 5.
776 3795 818 3807 -—
843 3756 948 3821 Plaut.
972 3759 1090 3822 Pseud.
1118 3758 1136 3822 Ι
1159 3759 1189 3840 2,
1200 3758 1257 3825 47.

259 3863 362 3949 (180).
386 3866 502 3931 Varro.
1173 3930 1177 3935 .

191 3975 384 4039 mentionem
407 3977 520 4040 bebere
556 3977 672 4040 dicitur
706 3982 816 4040 contra
842 3981 1034 4059 perpetuum
1063 3976 1257 4059 scriptorum

260 4084 469 4149 classicorum
507 4106 615 4150 usum:
653 4085 799 4151 Caesaris
827 4086 917 4149 nulla
945 4086 1054 4150 habita
1077 4087 1197 4150 mentio
1220 4084 1255 4148 ΙΙ
