2782 4642
751 323 791 385 96

239 498 423 584 eonfirrinne
447 498 558 565 transl.
582 503 773 582 usurpatur:
797 501 833 563 in
858 519 954 583 quam
978 505 1046 564 arto
1068 500 1183 566 salutis
1199 505 1307 568 exitii-

306 626 369 691 que
391 607 549 672 fuerimus
572 607 713 672 confinio
736 608 771 671 ΙΙ
796 610 906 690 1241.
932 647 973 656 -
998 609 1122 673 Similia
1151 612 1305 677 exhibent

305 715 425 782 Cornil.
448 717 489 780 ad
511 714 590 782 Her.
614 716 662 779 IV
689 717 739 799 11,
754 717 794 780 16
820 724 852 782 et
876 720 1004 801 saepius
1029 718 1177 785 Ovidius.

237 823 404 914 llerdmenll
427 827 540 890 transl.
565 827 709 908 ponitur:
735 826 790 891 ille
809 831 940 892 senatus
958 828 1027 892 dies
1051 877 1059 894 .
1083 877 1090 892 .
1114 879 1121 894 .
1148 830 1302 896 virtutem

305 937 348 1000 M.
373 935 503 999 Catonis
528 984 535 1000 .
561 984 567 998 .
592 983 598 997 .
622 936 656 997 in
680 936 835 1000 altissimo
870 937 1013 1001 eulmine
1036 938 1152 1002 loeavit
1186 936 1302 1023 (turni-

306 1046 397 1110 noer't
419 1043 490 1130 ΑΡ)
512 1044 546 1106 Π
571 1044 660 1126 35,1.
684 1080 728 1092 -
751 1043 821 1109 Irin.

240 1158 399 1222 destinare
423 1159 533 1218 eontra
557 1157 756 1217 constantem
778 1142 971 1237 optimorum
991 1157 1184 1239 scriptorum
1207 1178 1305 1223 usum

307 1273 483 1348 usurpatur
516 1281 573 1346 pro
609 1261 787 1346 desr‘pnare:
823 1265 903 1327 mihi
934 1264 1091 1349 fratrique
1133 1285 1204 1330 meo
1228 1316 1236 1331 .
1261 1315 1303 1332 ..

309 1375 461 1440 destinari
493 1372 695 1456 praetoribus
730 1375 864 1457 contigit
887 1373 920 1437 ll
946 1374 1052 1456 124,4.
1101 1373 1162 1458 (De
1195 1377 1303 1440 dativo

306 1482 509 1568 praetoribus
533 1482 573 1546 of.
597 1478 662 1545 Z.13
684 1481 809 1567 §601.)
832 1519 876 1530 -
898 1482 968 1548 Liv.
991 1482 1024 1546 X
1040 1482 1127 1565 22,1.
1150 1483 1302 1549 XXXIX

314 1592 403 1675 329.
429 1629 472 1639 -
498 1591 539 1656 ot.
563 1591 720 1657 Boettich.
745 1593 811 1656 lex,
835 1591 907 1657 Tae.
930 1613 961 1676 p.
988 1594 1050 1656 153
1075 1613 1121 1675 sq.

243 1703 384 1767 excedere
406 1701 482 1784 otqd
504 1701 616 1768 transl.
639 1701 746 1784 signif.
770 1701 847 1766 inde
863 1722 882 1764 a
898 1701 989 1765 Livio
1006 1707 1198 1785 usurpatum
1217 1702 1304 1786 (nam

309 1811 398 1876 Caes.
435 1810 468 1875 O.
498 1810 547 1874 ΙΙΙ
572 1810 655 1891 36,1
714 1809 931 1894 Nipperdeius
963 1812 1075 1874 invitis
1109 1811 1304 1878 membranis

214 1999 218 2007 1
309 1921 452 2002 scripsit:
477 1923 511 1983 in
535 1923 678 1984 novitate
712 1939 780 1984 rem
815 1921 901 1984 fama
935 1920 1064 2002 eneedr‘t5
1100 1921 1226 1987 codices
1250 1942 1307 1986 ex-

308 2029 420 2092 hibent
458 2027 627 2111 antecedit)
667 2029 717 2092 his
752 2030 869 2113 legitur
903 2027 999 2093 loeis:
1034 2029 1104 2112 19,
1117 2030 1147 2096 6.
1171 2030 1188 2093 Ι
1213 2030 1264 2114 16,
1278 2034 1305 2096 1.

309 2138 342 2201 ll
367 2138 455 2220 oo‚3.
480 2137 514 2200 II
539 2136 684 2217 51,3.11
709 2137 853 2220 56,1.11
881 2138 952 2220 122,
964 2137 995 2202 2.

243 2248 346 2332 phryne
368 2247 497 2331 propria
520 2250 626 2310 exstat
648 2246 768 2330 signifi:
803 2247 1002 2330 fugacissimi
1024 2247 1138 2312 militis
1160 2247 1193 2311 Π
1216 2250 1306 2325 85,5.

311 2393 354 2406 -·
378 2357 506 2440 Poetae,
534 2356 601 2420 Liv.
625 2389 669 2402 -
694 2354 780 2420 Caes.
803 2358 863 2420 hoo
897 2357 1091 2420 adiectivum
1126 2377 1307 2440 nunquam,

310 2467 374 2531 Cio.
400 2468 499 2531 semel
534 2471 566 2530 et
600 2466 731 2549 quidem
762 2467 873 2532 transl.
897 2485 955 2549 pro
983 2467 1099 2530 eodneo
1136 2470 1308 2551 usurpavit

308 2577 383 2640 farn.
408 2575 443 2639 X
468 2575 553 2657 lap.
988 2644 1000 2664 ·

241 2687 354 2771 plobns
399 2691 447 2750 est
481 2685 660 2768 constipata
694 2689 722 2748 et
759 2685 797 2748 r'n
834 2705 942 2748 nnnrn
986 2689 1126 2749 eoortoto
1170 2703 1304 2747 nronns:

312 2796 346 2859 hi
369 2815 438 2859 una
462 2814 536 2857 oum
560 2794 791 2857 coniurationis
813 2793 916 2877 globo,
957 2794 1063 2876 stipati
1091 2793 1303 2877 gladiatorum

312 2903 352 2969 D.
371 2904 466 2968 Bruti
479 2923 587 2985 manu,
604 2902 796 2986 Capitolium
816 2922 1011 2987 occupavere
1034 2901 1068 2965 Π
1093 2904 1177 2986 58,2.
1199 2937 1243 2949 -
1266 2900 1304 2963 cf.

312 3014 413 3078 Kritz.
440 3013 479 3075 ad
504 3011 577 3077 Sall.
603 3011 676 3095 lug.
700 3013 808 3094 85‚10.

246 3125 404 3209 impellere
426 3121 502 3185 inde
519 3142 535 3184 a
552 3120 642 3183 Livio
666 3127 841 3206 usurpatur
855 3140 913 3205 pro
929 3120 1083 3204 repellere,
1090 3124 1305 3204 prosternere:

312 3234 460 3317 impulsis
482 3229 629 3294 hostibus
651 3229 685 3293 ΙΙ
710 3232 797 3314 tul.
823 3250 886 3315 quo
910 3230 1059 3315 (proelio)
1081 3232 1224 3313 graviter
1246 3232 1307 3292 im·

312 3343 399 3427 pulsi
422 3345 499 3404 sunt
522 3339 668 3403 Caesaris
691 3341 807 3406 milites
830 3340 863 3402 ll
889 3341 976 3422 51,3.

246 3455 385 3518 inserere
408 3451 518 3515 transl.
544 3451 564 3512 i.
589 3469 613 3514 S.
639 3470 668 3532 q.
698 3451 846 3531 interere,
879 3450 1090 3534 interponere:
1126 3449 1202 3512 huio
1235 3447 1307 3510 loeo

312 3565 455 3628 inserere
477 3559 494 3623 Ι
520 3559 612 3642 14,1.
647 3580 712 3624 non
736 3566 876 3643 tempero
900 3559 988 3639 mihi,
1022 3561 1100 3642 quin
1127 3562 1236 3621 tantae
1258 3575 1308 3620 re·

314 3693 387 3736 rum
411 3671 628 3755 magnitudini
659 3671 719 3733 hoo
744 3718 752 3734 .
775 3718 784 3733 .
808 3716 816 3733 .
843 3665 984 3731 inseram
1012 3668 1046 3731 II
1071 3667 1187 3750 toul.
1222 3670 1307 3728 aeto-

314 3802 388 3847 rum
412 3782 557 3845 eiusdem
579 3781 709 3844 insertis
733 3780 821 3842 falsis
844 3779 1028 3862 vitiatisque
1052 3776 1193 3858 oomupti
1221 3793 1307 3837 oom-

314 3893 462 3957 mentarii
485 3891 518 3954 Il
543 3890 594 3968 60,
604 3891 633 3951 4.
658 3924 699 3932 -
724 3887 791 3949 Lir.
815 3885 847 3947 V
863 3888 957 3969 21,8.
984 3887 1043 3951 Or.
1066 3887 1157 3950 Trist.
1180 3884 1306 3950 11444.

246 4004 406 4067 rniteseere
428 4001 537 4065 transl.
562 3999 706 4082 ponitur:
732 4000 862 4080 agentes
877 3999 1007 4080 gratias,
1032 3997 1117 4080 quod
1141 4045 1148 4059 .
1172 4044 1180 4059 .
1202 4042 1212 4062 .
1233 3994 1309 4078 feri-

314 4116 363 4175 tas
387 4131 446 4174 sua
469 4111 609 4173 novitate
632 4106 815 4190 incognitae
843 4107 1028 4191 disciplinae
1062 4106 1244 4170 mitesceret
1274 4100 1309 4164 II
