2782 4642
653 322 779 412 aa*

138 501 330 566 seaciustas:
358 501 439 564 Vari
467 519 582 584 corpus
606 500 796 563 semiustum
820 495 853 559 II
878 496 952 575 119,
969 494 998 560 5.
1023 533 1064 543 -
1088 494 1115 578 (t
1140 494 1207 558 Cio.

87 663 88 667 ,
208 611 321 675 Soaur.
346 609 410 694 29.)

139 718 335 803 simplicitas
358 723 394 781 ut
416 737 651 800 nonnunquam
674 738 722 801 ap.
740 716 820 797 Liv,
844 716 1030 799 saepissime
1045 717 1079 778 in
1098 714 1206 778 Ovidii

141 880 143 886 .
207 828 298 890 libris
333 831 380 891 est
401 826 582 910 intepritas:
618 827 705 890 hunc
739 825 958 890 nobilissimae
993 824 1209 907 simplicitatis

208 938 360 1001 iuvenem
390 933 547 1017 1110‚a.
607 936 881 1000 eminentissimae
915 953 952 998 aa
985 933 1209 997 nobilissimae

212 1045 425 1128 simplicitatis
459 1046 519 1107 viri
551 1044 695 1129 11723.
751 1046 801 1108 uir
830 1044 1041 1126 simplicitatis
1072 1060 1208 1125 genero·

210 1156 354 1218 sissimae
376 1153 410 1216 II
432 1154 546 1235 125,5,
589 1156 650 1218 viri
671 1157 706 1218 In
729 1158 854 1217 tantum
878 1153 966 1235 boni,
987 1154 1021 1215 iu
1047 1160 1205 1234 quantum

209 1263 351 1326 humana
374 1263 561 1346 simplicitas
583 1264 728 1348 intellegi
751 1267 854 1348 potest
876 1262 910 1326 II
933 1263 1022 1341 43‚4.

142 1371 298 1456 speciose:
338 1373 453 1436 domus
488 1418 497 1436 .
525 1423 532 1435 .
561 1422 567 1436 .
601 1373 744 1456 speciose
779 1393 798 1435 a
829 1376 943 1435 senatu
977 1372 1124 1435 restituta
1158 1374 1210 1433 est

210 1481 423 1564 1145,3.-
448 1482 544 1548 Auot.
569 1482 599 1548 b.
629 1482 676 1547 Af.
700 1483 751 1545 48.
777 1487 808 1545 et
830 1481 1032 1562 posteriores.

144 1595 230 1655 stare
247 1610 319 1674 pro,
339 1597 450 1655 coatia
472 1593 583 1656 transl.
607 1596 800 1674 usurpatur:
829 1591 881 1652 bio
904 1590 1007 1672 primo
1030 1607 1088 1672 pro
1112 1587 1210 1650 Pom·

211 1701 264 1782 pei
278 1701 432 1783 partibus,
454 1702 562 1784 idest,
584 1706 621 1764 ut
643 1705 721 1763 tunc
744 1697 929 1781 habebatur,
952 1718 1009 1781 pro
1032 1695 1212 1781 republica,

211 1828 289 1871 mox
312 1810 517 1874 simulatione
541 1814 652 1873 contra
675 1810 865 1892 Pompeium
889 1814 920 1872 et
944 1806 1123 1883 Caesarem,
1152 1805 1208 1869 sed

212 1919 320 1981 animo
343 1937 400 2002 pro
425 1916 559 1983 Caesare
582 1920 668 1982 stetit
690 1917 723 1981 II
746 1920 833 1996 48,4.
880 1919 1019 2002 collegae
1042 1937 1099 2000 pro
1124 1915 1211 1979 bono

211 2027 340 2111 publico
376 2029 472 2090 stanti
507 2027 635 2110 112,3.
661 2064 702 2074 -
726 2027 806 2111 Nep.
832 2027 915 2092 XIX
939 2028 1011 2109 4,1.
1045 2026 1103 2091 Ov.
1128 2045 1156 2092 a.
1181 2045 1210 2088 a.

212 2136 326 2200 1200.
373 2136 417 2201 id.
440 2135 532 2202 Trist.
556 2136 572 2200 I
596 2136 625 2218 2,
637 2139 666 2203 5.
690 2173 733 2185 -
757 2137 825 2200 niv.
849 2138 884 2200 Π
909 2137 1026 2220 1214.
1056 2134 1208 2199 XXVIII

214 2247 276 2330 8,3.
300 2244 486 2310 XXXVIII
511 2247 597 2330 25,8.

146 2356 346 2421 subclcmcre
368 2376 426 2439 pro
449 2358 636 2421 acclamare:
670 2356 882 2421 subclamavit
916 2356 1068 2419 universa
1103 2354 1211 2417 contio

214 2466 244 2530 ΙΙ
270 2465 358 2546 32,1.
384 2501 427 2512 -
451 2463 490 2528 D.
514 2467 637 2531 Brutus
661 2487 708 2548 ap.
733 2465 797 2528 (tio.
820 2466 896 2528 fam.
920 2463 971 2526 XI
997 2463 1088 2544 13,3:
1125 2461 1209 2526 ‘suc-

216 2577 387 2639 clamatum
422 2580 479 2652 est,
516 2582 547 2638 et
579 2576 765 2659 frequenter
800 2596 819 2638 a
853 2573 1009 2638 militibus
1044 2572 1125 2638 ...’
1161 2591 1212 2636 se·

218 2690 334 2767 quante
361 2703 424 2749 acc.
455 2704 480 2747 c.
508 2685 565 2750 inf.
593 2722 636 2732 -
659 2684 728 2750 Liv.
753 2721 795 2731 —
819 2683 990 2747 Commode
1014 2682 1211 2765 comparavit

216 2792 344 2856 Ruhnlr.
383 2793 468 2857 Plut.
485 2794 597 2878 Pomp.
616 2797 658 2858 25
682 2796 816 2859 eandem
830 2813 898 2858 rem
922 2795 968 2858 sic
991 2795 1209 2858 enarrantem:

216 2896 436 2991 incarminans
459 2896 612 2982 ἅπαντες.

149 3011 312 3076 subiecere
341 3032 399 3094 per
421 3013 531 3077 transl.
564 3015 585 3076 i.
609 3033 632 3077 s.
657 3035 687 3097 q.
712 3013 729 3076 I
753 3012 833 3095 14‚1
869 3011 1021 3078 inserere:
1054 3013 1132 3076 huic
1163 3012 1211 3075 rei

219 3122 362 3184 civitates
377 3127 563 3206 propagatas
580 3128 777 3206 auctumque
793 3121 1010 3186 Romanorum
1028 3141 1146 3186 nomen
1160 3170 1167 3184 .
1181 3167 1212 3186 ..

218 3231 305 3295 haud
338 3233 562 3315 intempestive
596 3233 781 3297 subtexturi
815 3232 963 3295 videmur
995 3232 1132 3314 114,1.
1168 3267 1212 3277 -

217 3343 342 3424 Poetae,
364 3341 446 3425 Nep.
480 3340 579 3406 XXV
605 3342 655 3424 18,
674 3344 703 3407 2.
749 3341 819 3405 Liv.
853 3339 1022 3405 XXXVII
1045 3341 1126 3423 48‚6
1163 3360 1212 3404 se·

219 3459 336 3534 quente
359 3472 424 3517 acc.
448 3471 474 3515 o.
498 3452 556 3516 inf.

152 3560 398 3643 superfundere:
419 3561 586 3645 superfuso
611 3609 620 3627 .
643 3609 651 3625 .
678 3609 685 3624 .
709 3543 864 3624 altaribus
887 3560 1045 3642 sanguine
1068 3558 1102 3621 II
1119 3559 1169 3640 22,
1183 3560 1213 3621 2.
1300 3641 1303 3645 .

220 3705 264 3714 -
285 3667 355 3731 niv.
380 3671 444 3733 vn
468 3673 497 3754 s,
507 3673 537 3737 2.
561 3670 621 3736 cv.
645 3669 718 3734 net.
742 3669 776 3732 rr
799 3671 872 3732 aas.

156 3776 417 3862 [superatarum
442 3798 542 3861 paene
558 3782 660 3863 magis
676 3780 855 3843 necessana
869 3778 1102 3860 praetereunda
1115 3798 1214 3861 quam
1345 3794 1347 3800 ’

222 3905 423 3969 supervacua
447 3890 668 3971 amplectenda
690 3888 808 3970 116,1.
832 3923 873 3934 -·
898 3888 1024 3969 Poetae,
1039 3886 1106 3949 Lis.
1131 3885 1214 3953 Vitr.

222 4033 262 4041 -
281 3995 432 4060 Halmius
455 3998 525 4061 sine
541 3999 626 4063 iusta
641 4018 740 4062 causa
757 3996 876 4060 Orellio
891 4001 1064 4079 praeeunte
1088 3997 1216 4079 scripsit

222 4126 459 4190 supervacanea
493 4103 703 4192 (superaccic
725 4105 757 4170 A
790 4125 990 4190 supervacua
1012 4105 1058 4186 P).
1115 4103 1215 4187 Equi·
