2782 4642
670 333 805 431 ae¹

171 548 175 557 ι
224 513 316 589 Inest,
349 509 516 593 principali
549 529 585 572 aa
619 512 747 593 propria
782 508 887 592 signif.
912 528 969 591 pro
1005 509 1221 573 observatione

225 627 417 702 usurpatur:
443 619 554 681 eodem
578 620 659 681 mira
682 618 832 682 soliditate
856 627 887 682 et
909 637 986 682 eura
1015 619 1115 700 ducis,
1141 624 1222 682 tem·

224 747 338 811 porum
367 748 497 817 quoque
529 727 732 792 observantia
763 728 874 792 elassis
903 776 975 793 ...
1007 728 1162 792 subvecta
1189 726 1223 789 II

228 837 300 916 106,
317 838 345 899 3.

159 945 328 1027 ordinatio,
365 947 452 1030 quod
485 946 679 1010 vocabulum
710 948 835 1024 primus
866 945 1037 1009 Vitruvius
1069 964 1221 1027 graecum

227 1050 320 1135 τάξις
342 1062 470 1120 vertens
494 1075 668 1138 usurpasse
692 1057 829 1136 videtur,
861 1055 937 1119 inde
965 1076 984 1117 a
1006 1054 1130 1118 Velleio
1154 1073 1224 1118 sae-

227 1165 299 1247 pius
324 1164 442 1228 dieitur
455 1165 622 1248 dispositio
638 1185 663 1229 s.
677 1164 837 1229 institutio
851 1163 982 1246 proprie
997 1163 1223 1247 imperatorio:

227 1275 369 1354 primum
392 1275 618 1357 principalium
642 1274 711 1336 eius
736 1292 870 1355 operum
898 1273 962 1336 luit
989 1273 1147 1336 ordinatio
1172 1292 1225 1337 oo·

226 1381 391 1445 mitiorum
414 1382 449 1445 Π
473 1381 546 1465 124,
559 1385 587 1446 3.

159 1488 316 1572 perpoliri
338 1498 514 1575 usurpatur
536 1512 592 1576 pro
611 1492 715 1575 polire
738 1491 836 1554 verbo
858 1493 894 1554 iu
918 1511 1012 1575 opere
1035 1492 1156 1555 albario
1172 1492 1226 1555 vel

226 1601 357 1663 tectorio
381 1601 542 1665 sollemni:
567 1603 698 1665 inclusit
720 1621 754 1665 se
777 1601 847 1665 loco
870 1621 976 1684 nuper
991 1601 1077 1664 calos
1092 1601 1227 1663 harena·

228 1727 290 1790 que
312 1701 472 1793 perpolito¹
490 1710 523 1773 II
547 1712 639 1793 sai.
674 1746 716 1758 -
752 1709 816 1775 Cio.
841 1730 908 1773 nou
933 1711 996 1773 uisi
1031 1709 1140 1774 transl.
1165 1710 1226 1771 hoe

168 1856 171 1861 >
229 1816 364 1881 verbum
387 1822 566 1902 usurpavit.

156 1925 340 2008 praedicere
376 1929 570 1992 vocabulum
599 1927 724 1992 Velleio
758 1930 839 1992 mire
874 1932 1001 2010 gratum
1036 1946 1092 2010 pro
1126 1946 1232 2008 supro

228 2055 405 2100 memorare
428 2044 620 2122 usurpatum
644 2035 695 2100 his
718 2039 858 2100 occurrit
881 2037 972 2100 locis:
1006 2044 1043 2099 ut
1065 2035 1229 2119 praedixi·

231 2143 1228 2228 mus14‚1.112,t.115‚4.1112,2.1126,3.1139‚2.

227 2251 1229 2337 1144,2.1166,1.11issu82,3.1190‚1.1194,1.

233 2381 329 2444 quem
352 2361 574 2445 praediximus
597 2363 632 2427 II
657 2365 707 2443 ll,
720 2365 747 2429 1.
774 2383 870 2447 quem
893 2362 1229 2452 magnificentissimas

225 2490 277 2534 res
301 2519 309 2536 .
335 2518 373 2536 ..
410 2473 579 2555 gessisse..
607 2523 644 2538 ..
678 2474 900 2558 praediximus
934 2473 968 2536 II
997 2474 1096 2554 29,1.
1129 2489 1225 2553 quem

227 2580 409 2661 digressum
443 2601 461 2645 e
493 2583 659 2648 Brutianis
694 2584 807 2647 castris
837 2634 843 2647 .
869 2631 877 2646 .
902 2633 908 2646 .
936 2583 1157 2667 praediximus
1190 2578 1227 2642 II

230 2688 281 2769 76,
293 2690 323 2752 2.
360 2707 441 2770 quos
475 2693 697 2775 praediximus
731 2693 764 2756 Il
802 2692 918 2774 108,2.
954 2712 1033 2776 quas
1061 2689 1230 2774 'praedixi-

230 2817 304 2860 mus
327 2797 361 2861 Π
386 2801 414 2875 l,
427 2800 458 2862 2.
482 2821 565 2883 quae
589 2803 811 2886 praediximus
834 2800 868 2863 Π
891 2801 987 2883 47,1.
1012 2800 1046 2863 Π
1070 2801 1162 2880 98,1.
1189 2798 1232 2862 de

229 2927 294 2989 quo
317 2907 540 2991 praediximus
564 2910 598 2973 II
624 2913 674 2992 15⁴,
687 2912 715 2974 3.
750 2912 788 2974 de
824 2893 918 2974 ouius
942 2911 1115 2974 consulatu
1136 2927 1233 2991 prae-

228 3017 370 3080 diximus
393 3015 427 3078 ΙΙ
453 3019 566 3099 105‚2.
590 3016 598 3106 I
623 3019 662 3084 de
685 3023 777 3084 ouius
800 3018 808 3107 Η
832 3020 1006 3084 virtutibus
1036 3069 1043 3084 .
1068 3067 1076 3084 .
1101 3068 1109 3085 .
1137 3037 1233 3100 prae·

227 3126 371 3189 diximus
406 3126 440 3189 II
475 3127 592 3206 125‚5.
627 3131 808 3212 praedictus
839 3130 873 3193 II
906 3131 957 3212 88,
970 3128 998 3192 3.
1033 3127 1068 3192 II
1104 3126 1177 3208 107,
1198 3129 1231 3192 l.

227 3233 261 3296 II
286 3235 458 3313 110,2.11
482 3240 555 3317 112,
568 3241 597 3300 4.

318 3343 448 3409 Ruhnlr.
473 3349 518 3409 sie
549 3349 614 3410 iam
650 3351 768 3433 optima
792 3355 892 3413 aetate
915 3350 1035 3412 dietum
1060 3365 1129 3411 esse
1154 3365 1235 3410 con-

228 3453 361 3519 firmans
377 3457 418 3518 ad
434 3454 517 3520 Vell.
535 3456 570 3520 II
586 3459 638 3539 21,
654 3460 681 3521 I.
701 3459 811 3522 laudat
821 3460 911 3543 Trog.
924 3459 1037 3540 Pomp.
1051 3454 1163 3519 XLIII
1175 3457 1230 3520 14.

229 3563 293 3626 Sed
315 3564 376 3628 hoe
398 3565 469 3628 loeo
493 3564 618 3647 (XLIII
641 3569 703 3649 ii
727 3566 858 3650 Ruehl.)
880 3570 975 3632 hodie
997 3567 1129 3649 legitur:
1155 3584 1232 3628 cum

230 3679 323 3737 noete
359 3695 377 3736 a
406 3676 599 3759 praemissis
633 3674 819 3762 (praedietis
842 3675 926 3761 ITP)
963 3683 1090 3760 apertae
1121 3681 1233 3758 portae

230 3781 346 3846 forent.

323 3890 398 3955 Uno
422 3896 646 3959 tantummodo
674 3896 745 3960 loeo
782 3897 894 3961 eadem
926 3897 959 3958 vi
986 3894 1103 3958 Noster
1130 3911 1231 3975 paroe-

231 3999 392 4064 soriiorrdi
415 4003 513 4066 verbo
537 4025 618 4068 usus
643 4013 702 4068 est:
727 4012 765 4069 ut
788 4007 1051 4090 praesumpsimus
1075 4002 1108 4065 II
1132 4002 1230 4083 21,1.

233 4106 441 4174 Constantem
465 4132 541 4176 vero
566 4113 669 4177 Vellei
693 4115 819 4179 dicendi
852 4135 949 4179 usum
980 4134 1045 4177 non
1084 4109 1234 4176 sufficere
