2782 4642
677 321 695 380 2

160 497 240 556 rent.
289 492 372 567 Quin
398 495 494 556 etiam
517 495 641 558 inventi
675 505 752 558 sunt
784 497 942 579 nonnulli,
975 499 1031 581 qui
1066 517 1139 562 eum
1163 501 1222 562 hu-

160 603 229 664 mili
253 607 348 684 atque
377 603 487 665 servili
515 601 697 666 adulatione
721 604 839 668 Tiberii
861 606 1063 688 potissimum
1087 611 1221 691 gratiam

161 719 359 794 aucupatum
384 731 453 774 esse
477 714 649 776 concedere
682 733 748 775 non
777 713 1013 801 sustinerentl)
1059 716 1121 792 Qui
1145 738 1220 781 vero

162 822 350 903 contemptis
374 822 601 885 valentissimis
629 823 693 886 illis
717 823 909 887 adversariis
928 825 1120 889 munditiam
1145 827 1221 890 sub·

160 930 373 1013 tilitatemque
401 932 553 993 orationis
577 930 605 990 V
610 931 764 994 elleianae
794 933 829 994 in
854 933 990 996 dubium
1014 954 1128 999 vocare
1151 937 1222 999 ausi

162 1043 246 1118 sunt,
275 1040 380 1102 Aldus
410 1038 575 1102 Manutius
599 1039 694 1102 Pauli
719 1038 784 1122 W)
807 1039 988 1126 Bartbius3)
1013 1043 1222 1108 Burmannus

162 1145 288 1226 maior4)
313 1148 377 1227 alii,
405 1149 639 1212 accusationem
663 1150 886 1232 probabilibus
910 1157 1007 1234 atque
1029 1153 1154 1216 idoneis
1179 1174 1224 1216 ar·

161 1258 323 1340 gumentis
355 1256 544 1320 confirmare
572 1259 793 1341 neglexerunt.
839 1259 953 1343 Neque
982 1262 1134 1343 cuiquam
1157 1283 1223 1324 ma-

161 1370 262 1429 iorem
292 1367 324 1427 bi
352 1367 584 1447 vituperatores
612 1387 741 1432 movere
764 1369 964 1432 stomachum
990 1389 1087 1452 quam
1109 1369 1223 1432 Ruhn-

160 1476 264 1554 keni0‚
276 1475 513 1557 elegantissimo
538 1479 723 1560 ceteroquin
739 1479 830 1540 latini
847 1480 1003 1541 sermonis
1019 1481 1225 1560 aestimatori,

163 1586 219 1666 qui
253 1585 330 1648 adeo
355 1584 514 1650 Velleium
545 1585 695 1648 omnibus
722 1587 756 1648 iu
783 1585 880 1650 rebus
904 1587 1129 1651 admirandum
1153 1608 1223 1652 esse

162 1693 223 1756 sibi
238 1701 449 1776 persuaserat,
475 1701 511 1758 ut
528 1695 578 1758 vel
601 1696 816 1778 importunam
840 1697 929 1758 illam
954 1698 1221 1781 comparationem

160 1805 364 1886 ingeniorum
389 1824 462 1866 cum
487 1804 598 1867 bestiis
622 1823 715 1886 capso
738 1803 902 1891 inclusis5)
930 1807 1076 1871 laudaret
1105 1813 1134 1870 et
1158 1826 1223 1869 uno

161 1911 382 1977 tantummodo
417 1909 517 1994 locoss)
550 1911 712 1974 Velleium
748 1914 848 1974 nimio
884 1916 1115 1997 captandorum
1149 1937 1224 1979 acu·
1280 1943 1283 1947 ’

162 2023 287 2084 minum
324 2039 431 2083 amore
466 2021 499 2081 in
533 2019 636 2099 frigus
658 2019 807 2100 putidum
831 2021 983 2084 incidisse
1007 2024 1105 2086 daret.
1153 2024 1223 2097 Quo

163 2132 273 2193 minus
297 2129 493 2195 mirandum.
522 2147 597 2189 eum
621 2126 835 2190 acerbissimis
870 2127 977 2190 verbis
1000 2128 1223 2211 responderell

163 2240 256 2321 nido,
281 2240 347 2321 qui
361 2237 437 2300 satis
461 2236 625 2299 moderate
649 2234 811 2298 Velleium
837 2235 912 2298 ‘non
937 2239 1094 2319 optimum
1117 2238 1224 2300 latini-

163 2351 236 2413 tatis
275 2345 448 2411 auotorem’
483 2350 660 2409 vocaverat.
707 2345 875 2408 Bartbium
916 2347 1030 2409 deinde
1063 2348 1224 2429 quomodo

164 2460 322 2522 dimiserit
346 2458 401 2540 qui
424 2456 504 2518 tanti
528 2459 620 2538 putet
643 2473 844 2537 cognoscere,
874 2455 1015 2518 conferat
1038 2455 1226 2520 Ruhnkenii

163 2569 269 2631 adnot.
293 2568 333 2631 ad
355 2566 389 2629 Il
413 2566 494 2647 21,1
533 2584 609 2628 cum
646 2565 695 2642 iio,
731 2583 813 2647 quae
846 2564 914 2646 ipse
949 2564 1017 2626 dixi
1053 2566 1092 2628 de
1128 2565 1224 2628 verbo

158 2677 343 2761 praedicere
367 2674 410 2762 (p.
424 2675 481 2758 Π),
527 2675 709 2737 Burmanni
732 2674 871 2757 denique
894 2673 1061 2756 iudicium,
1085 2675 1225 2737 multum

164 2786 272 2850 Vellei
294 2785 466 2847 dictionem
495 2783 665 2846 abhorrere
689 2802 707 2844 a
730 2784 870 2846 naturali
893 2783 949 2846 illa
972 2784 1132 2868 Augustei
1156 2783 1226 2846 aevi

165 2895 367 2978 simplicitate
387 2899 418 2956 et
441 2894 609 2974 munditie,
632 2911 695 2953 non
720 2892 835 2954 melius
859 2891 962 2955 refelli
986 2913 1004 2954 a
1027 2913 1061 2957 se
1084 2896 1227 2976 potuisse

166 3007 250 3087 dicit,
286 3024 382 3087 quam
418 3001 589 3064 ‘locutione
625 3019 764 3082 quaque,
802 3002 840 3063 de
876 3021 939 3081 qua
974 3003 1046 3066 talis
1070 3003 1226 3065 dubitatio

165 3117 255 3178 nasci
271 3118 386 3196 posset,
402 3113 594 3194 optimorum
612 3111 803 3191 scriptorum
817 3110 973 3190 exenrplis
986 3107 1226 3172 confirmanda'

280 3309 305 3376 1)
324 3307 434 3364 Ruhnk.
462 3307 490 3359 in
518 3304 600 3373 praef.
622 3305 656 3358 ed
684 3305 723 3358 ed.
742 3303 809 3358 Vell.
839 3318 863 3357 a.
883 3301 951 3355 1779
979 3319 1005 3370 p.
1025 3302 1067 3357 11.
1087 3331 1119 3340 —
1140 3301 1228 3355 Caroli

165 3400 372 3470 Morgensternii
392 3399 534 3452 comment.
554 3397 612 3451 crit.
636 3398 687 3463 (ed.
705 3396 801 3450 Kraus.
821 3410 844 3449 a.
864 3394 934 3448 1800
952 3394 1100 3462 praemiss.)
1123 3411 1148 3462 p.
1168 3394 1229 3447 142.

166 3523 201 3533 -
219 3495 248 3548 F.
267 3491 382 3546 Haasius
399 3490 428 3543 in
445 3488 556 3556 Ephem.
575 3487 638 3540 Litt.
658 3487 718 3540 Hal.
739 3503 762 3539 a.
782 3485 850 3538 1841
871 3502 914 3539 no.
934 3485 993 3541 196.
1012 3503 1039 3555 p.
1052 3485 1112 3541 347.

273 3584 300 3653 1)
319 3583 361 3637 Ad
378 3582 448 3637 Vell.
467 3581 494 3634 Il
507 3585 549 3645 52,
561 3581 586 3634 3.

273 3676 299 3743 3)
320 3677 362 3728 Ad
375 3675 442 3729 Stat.
462 3672 559 3728 Achill.
574 3671 601 3725 Π
614 3670 666 3724 146
686 3671 761 3738 (tom.
774 3669 814 3723 ΠΙ
827 3687 853 3738 p.
867 3669 946 3739 1724)
966 3671 994 3723 et
1011 3668 1119 3726 Advers
1130 3669 1227 3738 xvii

168 3769 232 3821 extr.
252 3767 288 3836 (p.
307 3766 368 3823 833.
389 3767 428 3820 ed.
447 3763 566 3818 Francos.
585 3779 609 3818 a.
629 3760 716 3830 1624).
916 3757 920 3762 “
