2782 4642
703 323 744 387 68

263 498 338 564 Stat.
362 499 457 564 Theb.
480 498 531 562 IV
555 501 629 564 289.
653 499 713 583 (ed.
737 496 901 586 Mueller):
930 493 977 564 ‘et
1004 501 1136 584 rapidus
1161 500 1262 566 Clitor

264 614 295 672 et
319 610 376 692 qui
398 608 466 691 tibi,
489 608 614 691 Pythie,
638 608 748 674 ladon
771 610 878 674 Paene
902 602 1013 674 socer'.

195 717 328 802 quiesi.
353 738 378 782 s.
404 739 434 801 q.
463 717 648 782 somniari:
682 721 810 784 Artorio
845 721 969 784 medico
1005 716 1173 782 manifesta
1207 717 1261 780 de-

261 827 466 891 nuntiatione
490 829 607 910 quietis
631 829 796 910 perterrito
819 827 853 891 Π
878 829 970 911 70,1,.

195 936 331 1000 recidere
353 955 410 1019 per
433 938 542 1002 transl.
566 937 588 1003 i.
614 957 638 1001 s.
662 958 690 1020 q.
714 942 821 1001 arture
854 936 906 1019 (cf.
938 939 967 999 4.
990 933 1126 1022 artare):
1163 937 1261 1000 huius

263 1050 329 1109 tam
351 1046 446 1109 recisi
470 1042 604 1131 (operis)
628 1044 664 1108 Il
688 1047 739 1128 89,
755 1047 781 1108 1.

195 1153 404 1238 refriperare:
441 1155 582 1220 Plancus
620 1205 626 1220 .
653 1202 695 1218 ..
728 1155 935 1236 refrigeratus
974 1155 1014 1218 ab
1049 1155 1192 1218 Antonio
1220 1155 1260 1217 ob

262 1262 506 1327 manifestarum
528 1265 716 1347 rapinarum
746 1263 866 1328 indicia
900 1263 934 1327 ΙΙ
958 1265 1010 1347 83,
1023 1266 1053 1329 2.
1087 1299 1131 1310 -
1167 1261 1261 1339 Quod

262 1372 397 1435 verbum
431 1373 464 1436 h.
498 1373 519 1436 l.
557 1373 638 1435 nihil
673 1374 762 1437 aliud
796 1373 978 1457 significare
1011 1378 1116 1456 potest
1161 1392 1261 1453 quam

260 1480 379 1565 trepide
402 1486 546 1562 tractare,
581 1487 617 1545 ut
644 1483 708 1545 iam
734 1482 896 1548 Gesnerus
933 1488 964 1547 et
997 1482 1128 1567 Lipsius
1162 1484 1262 1545 inter-

265 1591 381 1673 pretati
404 1596 489 1656 sunt.

93 1772 95 1776 y
195 1700 331 1784 relcpare
352 1699 545 1765 insolentius
567 1702 587 1764 i.
612 1721 636 1768 s,
662 1723 690 1785 q.
716 1702 908 1785 transferre:
932 1701 1056 1764 invidia
1079 1701 1261 1764 communis

261 1811 421 1893 potentiae
454 1813 490 1872 in
524 1810 617 1875 illum
651 1813 791 1895 relegata
830 1811 864 1901 II
899 1812 951 1892 44,
964 1812 995 1875 2.
1034 1811 1191 1874 invidiam
1225 1812 1259 1872 in

266 1923 431 1982 auctorem
465 1920 627 2003 relegabat
660 1921 809 2004 1164,2.
845 1919 899 2006 (cf.
933 1919 997 1983 Cic.
1023 1919 1102 1984 Sest.
1139 1921 1191 2001 38,
1203 1920 1259 1981 82:

263 2027 439 2110 transferre
460 2027 624 2094 inuidiam
646 2030 683 2093 iu
711 2029 819 2116 niqra).
859 2067 903 2075 -
941 2014 1094 2094 Similiter
1128 2030 1198 2095 Liv.
1226 2028 1261 2092 ΙΙ

264 2139 357 2219 28,2.
378 2138 461 2200 dixit
482 2137 644 2203 inuidiam
667 2139 782 2203 reicere
804 2139 847 2202 act
868 2139 964 2222 atquc.

197 2247 337 2311 renotare
358 2248 470 2311 transl.
497 2253 674 2332 usurpatur
697 2248 737 2312 de
759 2247 959 2312 hominibus:
988 2247 1111 2312 revolat
1145 2247 1184 2309 ad
1208 2265 1264 2329 pa·

265 2360 347 2420 trem
372 2355 545 2421 Caesarii
570 2357 685 2439 120,1.
716 2358 771 2421 ille
795 2357 969 2444 (Tiberius)
992 2358 1032 2421 ad
1055 2360 1178 2440 patrem
1209 2375 1265 2438 pa-

263 2468 343 2529 triae
367 2515 373 2529 .
399 2513 439 2530 ..
475 2467 633 2530 revolavit
665 2465 700 2528 ΙΙ
729 2464 841 2544 123,1.
881 2505 922 2512 -
965 2465 1120 2530 Similiter
1153 2465 1265 2547 optimi

265 2577 436 2659 scriptores
460 2578 646 2660 saepissime
668 2575 816 2640 aduomre
851 2576 890 2640 de
917 2575 1104 2640 hominibus
1141 2574 1264 2639 dicunt.

266 2721 308 2730 —
325 2670 503 2749 'Diversum
526 2705 596 2750 esse
620 2689 776 2772 rationem
801 2686 888 2749 illius
910 2685 983 2768 loci,
1007 2703 1105 2769 quem
1124 2683 1265 2764 Georges

262 2812 293 2874 p.
318 2793 371 2856 43.
396 2796 505 2858 attulit
528 2815 569 2859 ex
593 2795 652 2859 Or.
678 2793 724 2858 M.
758 2793 929 2859 vrinae:
963 2788 1101 2878 ‘(telum)
1136 2786 1265 2856 revolat’

266 2903 299 2962 in
324 2903 435 2968 oculos
457 2905 604 2968 incurrit.
628 2941 672 2950 -
696 2904 734 2967 cf.
760 2906 789 2967 3.
814 2904 1054 2969 circumvolare.

196 3008 362 3092 scriptura
384 3013 406 3076 i.
432 3034 462 3096 q.
486 3013 670 3099 inscriptio:
695 3016 837 3096 equestri
861 3019 976 3096 statua,
1006 3033 1089 3098 qnae
1114 3062 1120 3077 .
1146 3063 1152 3076 .
1179 3063 1185 3078 .
1215 3031 1269 3075 aa·

262 3124 359 3184 tatem
396 3124 465 3186 eius
500 3125 658 3207 scriptura
692 3123 814 3186 indicat
844 3122 877 3185 ΙΙ
907 3123 1003 3199 61,3.
1042 3161 1085 3170 -
1124 3124 1163 3188 cf.
1197 3122 1268 3184 Val.

270 3228 356 3296 Max.
381 3231 397 3293 l
423 3232 583 3311 1‚12.-
607 3253 635 3294 v.
662 3234 689 3298 5.
715 3232 887 3316 scriptura.

196 3339 351 3402 securitas
375 3360 473 3422 quam
497 3361 609 3405 vocem
626 3340 688 3407 Cio.
715 3343 906 3406 vacuitatem
929 3341 1143 3425 aeprituctiuis
1158 3338 1266 3423 (Tusa.

264 3447 294 3509 V
320 3448 370 3529 14,
392 3449 452 3533 42)
494 3469 518 3513 s
565 3451 673 3514 animi
719 3452 982 3534 tranquillitatem
1016 3450 1083 3534 (fin.
1114 3451 1144 3512 V
1168 3451 1197 3529 8,
1211 3449 1267 3534 23)

262 3560 491 3641 interpretatus
527 3580 591 3623 non
627 3563 690 3624 nisi
723 3563 758 3625 in
794 3561 911 3625 bonam
941 3566 1062 3645 partem
1088 3563 1267 3643 usurpavit,

263 3669 298 3729 in
335 3669 451 3731 malam
485 3689 543 3752 pro
578 3671 772 3753 ueptcpeutia
803 3671 933 3734 dicitur:
966 3671 1265 3754 frequentissimum

265 3779 394 3841 initium
431 3797 501 3842 asse
536 3779 727 3844 calamitatis
762 3781 965 3844 securitatem
1000 3780 1035 3842 Π
1060 3779 1132 3859 118,
1157 3780 1187 3842 2.
1222 3813 1266 3823 -

264 3886 345 3950 Tum
379 3888 535 3950 securitas
575 3881 836 3954 0111111119111111
871 3894 989 3952 statum
1024 3888 1192 3971 significat,
1229 3888 1264 3950 in

265 4014 329 4079 qno
361 3997 437 4078 quis
467 4001 558 4060 tutus
583 4002 646 4063 est:
681 3998 840 4062 rediit..
866 4048 872 4060 .
902 4001 1057 4063 securitas
1080 3998 1267 4063 hominibus

262 4105 398 4187 1189‚4.
424 4107 604 4170 securitatis
630 4104 772 4168 urbanae
796 4108 962 4173 custodem
984 4108 1018 4171 II
1044 4109 1129 4192 98,1.
1166 4112 1266 4174 Asiae
