2782 4642
690 309 729 370 78

248 485 466 565 f.11131‚2.
513 484 633 566 duplici
657 504 792 550 numero
820 485 958 549 militum
990 484 1202 566 equitumque
1224 481 1246 545 f.

248 596 360 680 (germ.
382 592 502 675 stellato)
530 593 564 656 II
589 594 676 677 15‚2.

187 705 310 769 Graius
349 706 428 789 adj.:
468 705 664 768 clarissimus
704 704 780 767 Grai
818 700 960 767 nominis
990 702 1007 764 I
1032 701 1105 782 6,·3.
1151 700 1246 784 (Nep.

208 890 210 895 ι
249 813 369 876 XXIII
393 815 422 894 3,
431 810 474 897 4.)

182 922 324 1006 †9roois
347 923 460 987 latiore
483 922 589 1004 signif.
612 941 669 1005 pro
694 921 861 1004 lanquentc'
883 921 1014 984 dicitur:
1062 917 1119 983 Gn.
1153 918 1249 981 Pom·

248 1033 341 1116 peius
363 1028 512 1118 llgravisl
535 1032 640 1114 (oraui
661 1031 705 1116 A)
727 1032 861 1094 vulnere
883 1029 917 1092 II
935 1031 986 1111 55,
998 1031 1028 1093 4.
1052 1029 1160 1111 gravis
1182 1028 1248 1091 iam

250 1147 351 1205 aetate
367 1151 399 1204 et
414 1159 546 1223 corpore
562 1140 595 1202 II
615 1139 701 1221 tal.
726 1175 768 1185 —
793 1137 861 1205 Liv.
881 1137 967 1202 XXI
982 1140 1075 1221 48‚4.
1097 1136 1248 1201 XXXVI

252 1252 335 1332 20‚5.
361 1247 481 1334 (gravis
504 1247 663 1334 vulnere).
687 1249 728 1313 id.
750 1248 784 1311 Il
809 1247 884 1321 19,6
909 1249 1031 1331 (gravis
1054 1242 1181 1331 aetate).

184 1358 290 1422 hirtus
312 1377 369 1441 per
391 1359 502 1423 transl.
541 1359 580 1422 ad
612 1359 752 1422 indolem
787 1357 937 1421 refertur:
969 1356 1003 1422 Ο.
1027 1356 1150 1420 Marius
1174 1404 1213 1421 ..
1242 1405 1250 1420 .

251 1467 355 1531 hirtus
389 1475 486 1551 atque
521 1468 671 1531 horridus
709 1469 842 1549 vitaque
873 1471 1005 1530 sanctus
1033 1466 1250 1546 1111,1.-

251 1577 289 1639 cl.
312 1576 389 1641 Hor.
413 1577 486 1661 Ilpl.
508 1577 525 1641 I
549 1578 639 1656 3,22.

185 1684 321 1749 Iliacus:
353 1685 450 1751 Iliaca
483 1691 709 1772 componentes
740 1691 884 1768 tempom
907 1685 923 1748 I
947 1687 976 1763 3,
987 1687 1015 1747 2.
1061 1686 1141 1766 (Cic.
1166 1683 1250 1748 Mur.

253 1794 369 1874 3758:
395 1816 499 1880 equus
521 1797 688 1861 Troianus,
712 1795 754 1861 id.
778 1793 870 1858 Brut.
886 1791 998 1876 10,40:
1024 1794 1144 1857 TroIois
1168 1798 1250 1857 tem·

252 1904 408 1987 poribus).

187 2011 413 2096 †ioenza'scere:
438 2017 672 2098 immixtusque
701 2015 813 2077 castris
839 2015 979 2078 hostium
1004 2063 1011 2076 .
1038 2060 1047 2077 .
1071 2060 1079 2075 .
1101 2012 1254 2075 interem-

255 2128 331 2205 ptus
366 2128 414 2187 est
435 2124 452 2187 I
476 2125 542 2206 2‚1.
577 2123 732 2199 -Quae
756 2143 821 2186 vox
848 2123 1043 2186 a'Luoretio
1071 2121 1185 2205 primo,
1214 2126 1252 2184 ut

254 2231 389 2314 videtur,
412 2240 567 2317 usurpata
591 2238 622 2296 et
644 2233 758 2316 poetiS,
790 2233 824 2294 in
847 2233 960 2316 primis
992 2231 1136 2314 Vergilio
1165 2230 1252 2293 haud

255 2341 444 2424 infrequens
478 2342 555 2406 inde
590 2362 609 2405 a
643 2342 735 2407 Livio
773 2343 808 2404 in
843 2343 947 2406 soluta
981 2341 1123 2404 oratione
1157 2338 1252 2403 nobis

256 2451 402 2515 occurrit.

188 2560 377 2644 †o‘mmotus
399 2583 464 2626 vox
480 2583 498 2625 a
515 2561 657 2645 Vergilio
681 2581 765 2624 nova
787 2560 886 2624 facta:
911 2560 991 2622 nihil
1007 2560 1175 2622 immotum
1192 2606 1199 2620 .
1217 2609 1225 2624 .
1243 2607 1253 2624 .

255 2671 460 2753 relinquebat
493 2671 617 2754 116,3.
650 2706 691 2717 —
721 2669 801 2733 Vitr.
825 2705 868 2715 -
897 2670 938 2732 of.
973 2665 1115 2733 Laneus!
1153 2667 1252 2750 Vorg-

256 2779 325 2862 Ip.
351 2780 401 2846 73.

190 2888 352 2953 doemonis
374 2889 486 2954 latiore
509 2888 612 2973 signif.
636 2893 673 2951 ut
696 2907 746 2970 ap.
769 2893 881 2971 poetas
911 2893 1090 2972 usurpatur
1120 2905 1178 2969 pro
1201 2906 1253 2949 eoc-

256 3000 349 3082 paru',
368 3018 477 3078 linono,
497 2997 606 3060 crebro
623 2997 767 3061 variante
783 2999 1037 3061 constructione:
1054 2997 1203 3061 iuvenis,
1220 3043 1226 3058 .
1244 3043 1253 3061 .

257 3109 412 3171 immunis
449 3114 656 3190 paternorum
696 3106 885 3170 delictorum
918 3106 953 3169 Il
988 3108 1017 3187 7,
1032 3107 1062 3169 2.
1103 3104 1254 3168 omnibus

259 3217 409 3280 humanis
432 3218 519 3279 vitiis
547 3218 702 3280 immunis
725 3215 759 3280 II
782 3216 870 3298 35,2.
892 3218 943 3280 vir
966 3226 1071 3280 cetera
1093 3215 1255 3278 sanctissi-

259 3346 332 3388 mus
365 3327 587 3409 immunisque
618 3326 837 3409 voluptatibus
868 3326 901 3389 Il
929 3325 1024 3408 46‚2.
1060 3343 1116 3407 per
1149 3324 1254 3407 gentle
1319 3348 1322 3353 ·

259 3437 403 3518 integras
437 3437 667 3519 immunesque
702 3436 807 3499 adhuc
842 3433 933 3497 clade
966 3432 1042 3496 belli
1077 3433 1111 3496 ΙΙ
1142 3433 1254 3514 115‚2

260 3546 437 3609 exercItum
470 3547 652 3610 immunem
697 3552 787 3609 tanta
823 3543 1002 3607 calamitate
1048 3530 1188 3607 servant
1220 3540 1253 3603 II

263 3653 335 3735 120,
349 3656 378 3717 3.
421 3657 642 3738 immunISque
678 3655 717 3718 ab
753 3653 903 3718 omnibus
938 3653 1066 3716 arbItris
1099 3651 1133 3715 ΙΙ
1164 3651 1214 3733 14,
1225 3651 1254 3713 3.

262 3765 366 3826 omnis
388 3770 548 3827 terrarum
583 3763 668 3828 orbis
703 3764 838 3847 angulos
862 3783 881 3825 a
902 3763 1143 3826 latrocinimum
1165 3767 1254 3824 metu

261 3881 368 3936 servat
392 3875 552 3937 immunes
574 3871 610 3935 H
633 3874 744 3952 126,3.
761 3911 803 3921 -
819 3871 1129 3941 Deindoo'mmom'o
1152 3870 1253 3934 absol.

260 3983 280 4043 i.
305 4002 327 4045 s.
352 4003 379 4064 q.
405 3983 491 4064 libor,
513 4003 580 4046 non
602 3983 791 4066 canoaldus:
824 4001 898 4045 oum
930 4001 971 4044 ne
994 3981 1160 4065 pugnandi
1183 3980 1254 4062 qui·

261 4090 356 4156 dem.
376 4142 382 4156 .
402 4141 409 4156 .
435 4094 558 4156 occasio
582 4094 647 4158 iis.
667 4141 698 4155 ..
722 4093 794 4156 data
818 4097 901 4157 esset
923 4092 1079 4155 immunis
1094 4089 1127 4153 Il
1142 4089 1254 4171 119,2.
