2782 4642
656 300 698 364 83

206 480 319 565 signit,
336 481 422 544 valet
438 477 656 566 (narrantem)
673 478 841 562 persequi:
859 477 921 543 Sed
936 479 1098 561 proposita
1114 479 1206 561 quasi

205 591 358 656 universa
381 589 580 671 principatus
604 634 646 650 ...
671 637 678 654 .
702 587 805 654 forma
828 588 957 671 singula
979 605 1204 652 recenseamus

205 700 239 763 Π
265 698 379 780 129,1.
428 695 485 762 Ov.

140 829 290 912 refouere,
325 828 412 911 quod
434 827 570 892 verbum
594 824 732 891 Ovidius
755 845 892 892 novasse
915 825 1054 908 videtur,
1087 827 1206 891 iudea

185 935 310 1002 Velleio
334 936 460 1019 saepius
482 937 516 998 in
539 955 635 1018 prosa
659 937 801 1000 oratione
821 936 999 999 invenitur:
1023 938 1109 1000 vires
1124 936 1206 1000 refo-

207 1047 330 1111 vendas
364 1045 381 1108 I
405 1045 497 1128 15,1.
533 1046 573 1110 ad
603 1046 796 1110 refovendas
820 1064 862 1109 ex
884 1046 1001 1110 itinere
1027 1093 1035 1108 .
1059 1095 1065 1108 .
1089 1094 1097 1109 .
1120 1047 1205 1110 vires

206 1156 240 1219 Π
265 1154 338 1239 113,
349 1157 378 1223 2.

137 1283 292 1369 'refulpara
327 1304 394 1347 vox
427 1289 602 1367 poctarum,
639 1304 704 1367 qua
731 1283 801 1347 Iria.
824 1284 923 1348 semel
949 1279 1028 1366 (VII
1053 1284 1103 1366 10,
1116 1285 1149 1364 7)
1174 1289 1205 1349 ct

207 1395 335 1478 quidem
352 1397 480 1477 proprie
496 1413 576 1457 usus
592 1398 649 1476 est,
672 1394 784 1457 transl.
800 1386 990 1476 usurpatur:
1015 1398 1084 1457 tum
1108 1392 1207 1458 reful-

208 1505 248 1568 sit
268 1507 353 1566 certa
369 1521 442 1585 spes
465 1502 498 1564 Π
523 1502 596 1583 103,
608 1501 637 1564 5.
654 1536 697 1547 -
713 1501 809 1584 Prop.
832 1500 880 1563 IV
901 1502 951 1582 19,
961 1502 991 1565 8.
1009 1501 1042 1565 L.
1059 1502 1203 1569 Mueller.

207 1651 249 1660 -—
274 1612 313 1677 ef.
340 1613 371 1677 4.
395 1611 568 1694 adfulpere.
993 1630 999 1640 ·
1031 1631 1033 1635 ’
1060 1630 1067 1638 ”

140 1740 343 1828 †repirucn:
379 1731 489 1804 classis
514 1739 647 1804 Antonii
670 1741 813 1824 regimen
835 1739 1023 1805 Publicolae
1047 1739 1204 1827 Sosioque

210 1850 418 1914 commissum
460 1846 494 1910 Π
528 1848 621 1931 85,2.
655 1844 698 1895 -”
729 1849 789 1932 Ap.
826 1847 883 1913 Or.
921 1847 1008 1934 (Met.
1042 1849 1094 1912 ΙΠ
1128 1848 1204 1916 593.

208 1959 259 2023 XI
294 1956 381 2042 552.)
399 1949 563 2040 'repimus
600 1977 658 2042 pro
689 1958 904 2043 pabaruuoulo
944 1978 1041 2024 sensu
1075 1963 1203 2045 proprio

209 2072 392 2151 usurpatur.

137 2197 304 2262 reluctari:
339 2197 455 2260 deinde
478 2197 653 2260 reluctatus
679 2198 869 2282 invitusque
893 2203 1059 2265 revertens
1081 2202 1116 2264 in
1140 2202 1204 2265 Ita-

201 2307 279 2370 liam
301 2305 336 2368 ΙΙ
362 2306 435 2386 102,
447 2307 477 2371 3.

133 2437 302 2520 rependere
335 2436 410 2518 ulpd
441 2436 516 2518 atqu
544 2456 579 2498 re
611 2432 797 2517 saepissime
832 2457 851 2499 a
883 2438 986 2520 poetis
1021 2442 1198 2521 usurpatur

202 2546 314 2610 transl.
334 2542 385 2629 (cf.
401 2548 508 2608 tamen
532 2542 611 2606 Hor.
636 2543 734 2607 0111
759 2545 855 2626 5,25;
881 2565 960 2611 auso
975 2564 1131 2628 repensus
1148 2594 1178 2610 ..
1198 2625 1202 2632 Ι

205 2651 326 2738 miles);
339 2654 468 2737 proprie
485 2673 503 2716 a
520 2652 645 2717 Velleio
662 2654 793 2717 dicitur:
810 2655 910 2738 idque
925 2656 1036 2739 (caput
1052 2654 1202 2744 Gracchi)

134 2817 137 2826 .
209 2782 287 2826 auro
323 2781 535 2847 repensurum
570 2763 738 2846 proposuit
772 2761 805 2825 H
829 2763 857 2846 6,
871 2765 900 2830 5.
925 2799 969 2812 —-
993 2762 1056 2828 Cic.
1082 2765 1121 2830 de
1156 2785 1202 2833 or.

134 2929 137 2935 .
199 2853 239 2935 Π
256 2872 307 2955 67,
319 2872 394 2936 269.
419 2873 454 2934 in
471 2872 584 2936 eadem
600 2873 772 2937 narranda:
799 2873 852 2935 cui
867 2893 925 2956 pro
942 2872 1078 2939 Gracchi
1101 2877 1203 2960 capite

206 2986 273 3044 erat
296 3000 414 3044 aurum
436 3001 619 3064 repensum.

131 3108 337 3194 Ἰ’[νεεοῖνιόνεε
363 3110 534 3194 Augustus
551 3162 557 3176 .
631 3113 665 3174 in
678 3132 736 3176 sua
747 3113 911 3177 resolutus
922 3115 1014 3178 initia
1036 3163 1044 3180 .
1068 3164 1077 3183 .
1102 3165 1110 3182 .
1135 3118 1204 3180 ani-

206 3239 291 3283 mam
316 3219 485 3285 caelestem
509 3221 596 3285 caelo
619 3221 759 3286 reddidit
772 3217 805 3285 Π
819 3223 926 3306 123‚2.
966 3223 1027 3309 (De
1049 3225 1204 3309 loquendi

205 3327 328 3391 ratione
353 3329 391 3394 cf.
416 3328 510 3394 Lucr.
535 3330 609 3397 157.
639 3328 737 3414 Verg.
762 3330 798 3394 G.
821 3331 871 3394 IV
894 3330 981 3419 225.)
1003 3370 1046 3381 -
1069 3335 1109 3397 In
1135 3333 1197 3400 Cic.

206 3435 299 3501 Phil.--
313 3436 396 3501 XIV
421 3439 471 3522 14,
490 3441 541 3518 38,
577 3459 673 3524 quem
705 3440 812 3504 locum
843 3439 984 3506 Hudem.
1015 3442 1050 3503 in
1084 3441 1202 3506 Klotzii

206 3545 270 3609 lex.
295 3547 348 3612 lat.
372 3547 471 3626 affert,
507 3547 601 3612 hodie
624 3549 743 3632 legitur
769 3549 962 3629 soluturum,
996 3567 1061 3611 non
1084 3552 1203 3615 resolu-

207 3659 329 3722 trement.

139 3758 337 3844 ’fresurpere
371 3767 480 3831 transl.
512 3773 617 3831 exstat
649 3766 776 3851 signifi:
813 3766 869 3828 vix
904 3766 1103 3851 crediderim,
1137 3774 1202 3833 tam

208 3872 333 3933 mature
357 3876 479 3937 tantam
502 3873 617 3940 urbem
641 3926 647 3940 .
672 3925 680 3940 .
706 3924 713 3941 .
736 3875 953 3949 resurrexisse
976 3876 993 3939 Ι
1017 3878 1080 3959 7,4.
1126 3882 1202 3942 novi

207 3985 479 4073 acrcsurrecturi
502 3983 578 4048 belli
600 3985 634 4048 II
657 3983 745 4066 88,3.
772 4017 814 4028 —
837 3981 905 4047 Liv.
929 3983 1045 4049 XXIV
1069 3988 1156 4070 4o,3.

140 4082 297 4165 tsuecire
319 4087 357 4153 iu
381 4093 476 4175 ulpm.
510 4096 612 4176 poetis
635 4099 667 4159 et
689 4092 780 4156 Livio
803 4093 1032 4178 praeeuntibus
1056 4096 1202 4162 Velleius

989 4212 1024 4266 6*
