2782 4642
688 707 828 808 Vita.-

703 918 808 930 mm

331 1059 434 1124 Natus
460 1080 533 1123 sum
550 1059 733 1124 Fridericus
749 1061 873 1124 Milkau
896 1059 1051 1141 Loetaiae,
1075 1061 1108 1121 in
1133 1062 1286 1143 oppidulo

224 1169 375 1233 Prussiae
410 1169 574 1232 orientalis
604 1189 630 1231 a.
658 1170 679 1232 d
713 1169 761 1232 IV
786 1170 855 1235 Kal.
881 1168 949 1233 Oct.
982 1188 1065 1232 anno
1096 1168 1195 1233 huius
1219 1189 1286 1234 sae-

225 1281 289 1342 culi
323 1278 398 1342 LIX
439 1282 529 1361 patre
565 1276 735 1360 FridericO,
774 1285 875 1344 matre
911 1277 1079 1341 Marianna
1116 1277 1156 1341 de
1190 1286 1285 1360 gente

225 1387 351 1469 Bleyer.
409 1387 500 1451 Fidei
531 1387 678 1465 addictus
711 1407 783 1451 sum
816 1390 1028 1472 evangelicae.
1078 1387 1193 1451 Primis
1223 1389 1283 1451 ele-

227 1497 343 1559 mentis
377 1498 412 1559 in
447 1494 528 1559 urbe
562 1498 665 1578 patria
698 1498 868 1561 institutus
902 1501 1058 1560 autumno
1093 1497 1171 1558 anni
1201 1496 1284 1559 1874

225 1606 432 1688 gymnasium
456 1603 685 1686 Rastenburgii
709 1607 783 1671 adii.
830 1606 914 1700 Vere
939 1607 1015 1669 anni
1038 1604 1122 1668 1878
1146 1607 1287 1669 testimo-

227 1714 316 1777 nium
342 1715 538 1777 maturitatis
562 1712 695 1798 adeptus
723 1717 759 1777 in
787 1718 904 1778 almam
929 1716 1170 1779 universitatem
1193 1713 1287 1798 Regi-

227 1830 411 1886 montanam
436 1843 488 1887 me
512 1823 642 1904 contuli,
667 1825 758 1887 utin
782 1824 896 1888 studiis
919 1826 1122 1908 potissimum
1147 1824 1286 1906 antiqui-

227 1932 302 1994 tatis
326 1938 452 2014 tempus
476 1951 670 2016 operamque
694 1933 891 1998 collocarem.
926 1934 1048 1998 Audivi
1063 1952 1120 2017 per
1136 1938 1287 2016 quattuor

227 2058 329 2103 armos
348 2041 436 2104 viros
459 2041 693 2105 illustrissimos
716 2043 787 2106 hos:

385 2146 626 2233 Bezzenberper,
673 2149 784 2232 Garbe,
825 2150 1044 2231 Friedldader,
1092 2150 1287 2232 Hirschfeld,

385 2257 512 2322 Jordan
523 2259 555 2342 γ’,
578 2258 680 2324 Labra
691 2261 724 2344 ᾧ,
748 2260 916 2342 Ludwicb,
943 2258 1162 2343 Quaerere-7²,
1187 2259 1287 2338 Riihl,

387 2366 517 2450 ariade,
548 2368 672 2436 Walter.

334 2476 419 2542 Vere
440 2479 622 2541 anni1884
645 2499 782 2544 examen
807 2481 893 2563 quod
917 2480 1034 2543 dieitur
1057 2496 1113 2562 pro
1136 2477 1288 2541 facultate

229 2587 363 2650 docendi
387 2588 544 2670 superavi.
594 2585 717 2653 Deinde
746 2594 914 2673 postquam
946 2587 1081 2651 docendi
1104 2588 1287 2651 tirocinium

230 2713 373 2757 annuum
397 2698 492 2777 posui
514 2695 639 2779 Regim.
661 2698 696 2761 in
718 2699 888 2781 gymnasio
910 2697 1178 2780 Palaeopolitano,
1203 2697 1294 2779 quod·

229 2804 413 2867 etiamnunc
448 2804 540 2870 floret
575 2807 726 2889 auspiciis
762 2808 822 2869 viri
856 2807 1033 2870 doctissimi
1061 2805 1105 2869 H.
1132 2805 1288 2883 Babudre,

228 2913 261 2974 in
286 2914 507 2997 compluribus
538 2915 636 2979 huius
669 2916 757 2979 urbis
790 2916 907 2980 scholis
930 2921 1036 2998 partes
1060 2893 1286 2998 magistrorum

228 3024 318 3103 gravi
343 3023 453 3087 morbo
477 3023 668 3088 afflictorum
693 3025 842 3088 sustinui.

336 3131 493 3197 Omnibus
516 3136 594 3198 viris
617 3135 718 3198 doctis
743 3154 822 3217 quos
845 3134 1019 3214 nominavi,
1041 3151 1097 3215 pro
1120 3131 1289 3214 fructibus,

230 3259 310 3323 (quos
334 3246 429 3307 etex
453 3243 623 3326 disciplina
652 3249 747 3308 etex
772 3244 993 3308 benevolentia
1017 3261 1128 3306 eorum
1152 3242 1286 3324 percepi,

227 3352 345 3433 gratias
370 3372 428 3436 ago
453 3372 644 3436 semperque
668 3373 760 3436 agam
786 3373 882 3436 quam
906 3354 1072 3416 maximas.

663 3660 860 3679 ψ-
