2782 4642
680 334 697 393 7

158 513 311 576 narrandi
336 511 600 594 describendique
615 513 782 591 rationem,
806 511 864 573 hac
889 530 1017 594 quoque
1042 515 1078 574 in
1100 532 1135 576 re
1159 514 1222 576 nisi

158 624 314 686 minutias
338 621 519 701 nonnullas,
543 640 623 702 quas
645 620 753 702 paullo
777 619 860 682 infra
893 641 989 703 quam
1017 623 1222 704 paucissimis

159 732 333 810 absolvam,
368 730 448 793 nihil
484 731 561 791 mihi
584 728 700 810 reliqui
723 729 869 792 fecerunt
892 729 1052 814 Sauppius
1078 731 1112 795 ll.
1136 730 1221 794 Haa-

159 838 423 925 sius1)llritzius
453 839 514 901 alii.
548 838 748 920 Quapropter
783 857 856 902 cum
891 858 950 902 nec
986 842 1040 903 otii
1075 860 1135 904 nec
1159 846 1221 904 sto·

159 949 265 1011 machi
288 949 351 1010 mei
375 949 426 1024 sit,
443 954 499 1011 aut
522 967 573 1011 res
588 966 685 1030 prope
702 947 742 1009 ad
763 950 942 1012 satietatem
964 949 1114 1032 repetitas
1138 968 1221 1011 novo

159 1058 267 1139 aliquo
292 1057 444 1120 orationis
467 1056 544 1120 flore
576 1058 694 1120 vestire
726 1063 783 1119 aut
816 1077 873 1139 per
904 1058 1017 1140 longas
1050 1057 1221 1121 verborum

161 1166 309 1249 ambages
333 1167 457 1229 trahere
481 1166 568 1248 quod
591 1167 644 1228 alii
668 1166 807 1229 breviter
831 1167 990 1247 dixerunt,
1014 1187 1072 1249 ego
1096 1168 1221 1230 silentio

159 1282 322 1359 praetereo
346 1277 483 1338 nimium
506 1276 594 1338 istud
618 1277 815 1357 argutiarum
840 1281 870 1338 et
893 1276 1100 1339 antithesium
1124 1295 1222 1338 aucu-

158 1388 267 1468 pium,
301 1390 444 1476 pretereo
480 1384 729 1466 hyperbolarum
764 1385 907 1447 studium
942 1392 974 1447 91
1009 1404 1221 1469 quaecunque

159 1515 200 1559 ex
246 1497 409 1558 rhetorum
456 1494 573 1557 scholis
607 1492 748 1576 protecta
782 1513 852 1558 esse
884 1493 1087 1576 'videntur,2)
1111 1513 1218 1580 ,prae-

158 1611 246 1668 tereo
270 1605 508 1687 ingratissimas
531 1603 604 1666 illas
627 1609 665 1666 ut
687 1603 859 1666 verborum
893 1609 923 1666 et
954 1604 1154 1666 locutionum
1177 1605 1222 1665 ita

82 1794 84 1798 Ι
159 1717 392 1777 sententiarum
407 1714 621 1796 repetitiones
638 1718 801 1795 praetereo
818 1715 1054 1776 enuntiationes
1072 1713 1221 1776 nectendi

158 1823 394 1905 neglegentiam
419 1828 449 1885 et
471 1824 628 1886 inscitiam
650 1823 796 1885 struendi
818 1823 975 1904 periodos.
1029 1823 1158 1886 Etenim
1182 1823 1224 1885 de

160 1932 311 1994 omnibus
334 1932 384 1994 his
407 1932 505 1996 rebus
527 1939 601 2014 post
624 1931 783 1994 Kritzium
819 1934 994 1996 nemodum
1026 1934 1103 1996 novi
1128 1932 1221 2015 quid-

160 2060 257 2123 quam
281 2042 404 2104 addidit
427 2061 534 2124 neque
558 2062 616 2125 ego
639 2041 741 2104 haheo
767 2042 855 2123 quod
878 2043 1003 2106 addam.

264 2149 332 2213 Has
357 2171 432 2215 vero
457 2151 641 2215 Velleianae
674 2152 864 2214 elocutionis
896 2153 1105 2234 proprietates
1138 2150 1221 2213 clare

158 2278 195 2321 ac
218 2259 357 2323 dilucide
381 2263 518 2344 perspici
543 2266 701 2343 quantum
724 2262 885 2342 hodieque
908 2263 1014 2325 valeat
1036 2261 1077 2323 ad
1100 2265 1219 2323 rectam

154 2370 192 2430 in
217 2370 415 2432 emendando
439 2370 562 2434 Velleio
586 2373 672 2432 viam
695 2370 872 2433 ineundam
907 2379 1004 2452 atque
1038 2369 1222 2445 tenendam,

158 2497 224 2539 uno
248 2480 395 2561 exemplo
421 2481 638 2543 demonstrare
662 2480 741 2540 mihi
774 2480 878 2541 liceat.
936 2478 995 2540 Illo
1031 2480 1118 2540 enim
1152 2478 1221 2540 loco

160 2589 217 2668 qui
242 2594 289 2651 est
313 2589 346 2650 ll
372 2590 478 2664 rahe
504 2587 585 2669 ‘post
608 2585 770 2648 redditum
795 2588 881 2650 eaelo
904 2593 1028 2670 patrem
1052 2592 1083 2650 et
1106 2605 1221 2669 corpus

159 2697 229 2758 eius
262 2697 412 2759 humanis
446 2696 639 2775 honoribus,
677 2714 796 2758 numen
835 2693 965 2779 (comeo
999 2695 1068 2782 ΑΡ)
1103 2697 1221 2760 divinis

159 2804 363 2866 honoratum’
387 2826 511 2868 nomeu
533 2807 650 2888 legitur
670 2824 710 2867 ex
726 2803 858 2867 Krausii
882 2807 1064 2869 coniectura
1088 2806 1127 2869 ab
1151 2808 1220 2889 ipso

155 2914 327 2976 inventore
349 2915 383 2976 in
408 2921 593 2978 contextum
610 2935 675 2978 non
690 2915 837 2995 admissa,
860 2935 956 2998 quam
972 2918 1048 2979 inde
1064 2937 1082 2978 a
1098 2915 1220 2978 Kritzio

159 3040 270 3084 omnes
294 3022 430 3087 editores
455 3025 571 3107 cupide
595 3025 813 3107 arripuerunt.
858 3023 927 3088 Nec
952 3027 1220 3108 veroquisquam

265 3241 292 3304 1)
311 3239 422 3307 Ephem.
442 3239 507 3297 Litt.
526 3240 587 3295 Hal.
608 3258 631 3294 a.
652 3240 719 3294 1837
739 3257 783 3294 no.
805 3241 862 3296 102.
882 3259 906 3294 a.
930 3241 996 3294 1841
1016 3259 1059 3296 no.
1080 3243 1139 3296 197.

263 3335 289 3397 2)
308 3330 348 3384 Ut
370 3348 432 3385 vero
453 3331 541 3399 paullo
561 3336 624 3386 ante
643 3333 833 3397 diversitatem,
862 3332 902 3386 ita
928 3332 972 3385 hic
990 3334 1081 3386 mirari
1093 3334 1160 3388 libet
1179 3335 1219 3392 in·

157 3420 297 3488 geniorum
317 3424 517 3492 aequalitatem.
556 3424 662 3492 Quippe
689 3424 817 3478 Kreusius
835 3424 941 3492 Proleg.
960 3442 985 3491 p.
1004 3423 1039 3476 25
1058 3427 1086 3478 91
1105 3424 1220 3493 Georgos

157 3511 174 3564 l.
195 3528 216 3565 c.
237 3531 260 3581 p.
282 3514 298 3566 3
317 3530 369 3567 uuo
389 3531 434 3568 oro
452 3517 617 3585 totidemque
640 3516 730 3570 verbis
764 3516 942 3580 consentiunt,
961 3515 1092 3568 Velleium
1116 3520 1221 3584 praeter

156 3602 278 3657 historici
297 3605 377 3658 simul
396 3607 509 3659 oratoris
527 3610 617 3675 partes
636 3625 720 3677 agere,
740 3610 811 3676 qnod
824 3608 939 3661 maxime
954 3607 1121 3674 perspicuum
1142 3612 1219 3673 esset,

156 3694 203 3747 ubi
222 3696 249 3748 in
269 3696 365 3750 ultima
384 3705 458 3765 parte
476 3714 519 3751 res
529 3696 679 3768 Caesarum,
697 3700 727 3752 in
744 3699 838 3767 primis
851 3697 968 3765 Augusti
985 3700 1013 3750 91
1026 3697 1127 3751 Tiberii
1145 3715 1219 3753 enar-

157 3790 229 3840 raret
247 3788 295 3856 ita,
314 3791 345 3841 ut
362 3789 465 3842 medius
483 3790 559 3844 fieret
582 3791 653 3844 inter
679 3791 835 3844 historicum
854 3791 881 3842 91
899 3789 1089 3856 panegyricum
1108 3791 1219 3858 scripto-

157 3893 220 3931 rem.
253 3910 286 3917 -
317 3879 360 3933 An
388 3881 526 3949 quisquam
555 3882 664 3936 audebit
695 3882 840 3950 suspicari,
869 3878 968 3948 Georgi
995 3881 1060 3933 adeo
1090 3882 1218 3949 placuisse

157 3968 264 4024 Kreusii
283 3972 374 4041 verba,
402 3975 432 4025 ut
458 3972 504 4026 illa
531 3971 583 4026 sibi
610 3973 748 4027 adsumere
766 3988 818 4025 non
840 3970 992 4025 dubitaret?
1013 4002 1045 4010 —
1066 3971 1118 4026 cfr.
1137 3973 1219 4026 etiam

158 4059 252 4114 Olaum
280 4061 447 4116 Borrichinm
477 4065 514 4131 (in
542 4064 657 4118 Walchii
686 4064 749 4119 hist.
776 4063 834 4118 crit.
861 4062 927 4130 ling.
956 4062 1002 4116 lat.
1031 4080 1056 4132 p.
1080 4064 1149 4134 376),
1177 4064 1219 4117 cui

155 4151 273 4206 Velleius
290 4151 370 4207 ‘inter
387 4155 545 4209 historicum
564 4159 591 4211 et
610 4157 799 4225 panegyricum
819 4154 921 4208 medius
940 4170 998 4208 esse
1018 4155 1138 4208 videtur'.
