2782 4642
625 301 667 362 45

103 483 105 486 ’
221 480 273 544 Au
315 484 463 562 quartam
503 497 580 541 vero
627 479 714 559 quod
757 481 870 543 attinet
908 482 1175 566 coniugationem,

115 590 261 654 Velleius
295 589 480 671 syncopatis
523 595 559 650 ut
597 590 641 650 ita
676 588 781 652 dicam
807 589 917 652 formis
945 609 1177 674 saepenumero

116 719 197 764 usus
220 703 277 762 est.
325 695 453 772 Quibus
476 698 512 759 iu
535 698 763 761 enumerandis
794 699 894 761 verba
922 719 995 762 oum
1023 702 1122 764 eundi
1145 708 1177 765 et

114 809 245 892 petendi
268 807 377 870 verbis
401 808 584 889 composita,
615 827 688 870 cum
722 810 883 872 rarissime
916 829 981 872 nen
1014 811 1177 891 patiantur

115 935 289 999 syncopen,
314 915 510 998 neglegenda
532 921 621 980 ratus
645 937 732 982 sum:
896 909 897 914 ¹

223 1025 384 1108 concupiit
417 1024 451 1087 Π
475 1027 525 1106 33,
537 1027 564 1088 3.
599 1027 730 1089 dcsiitl
757 1028 805 1108 12,
818 1028 845 1092 7.
882 1027 1045 1090 desierunt
1067 1027 1084 1090 I
1107 1030 1176 1110 2,2.

116 1135 134 1198 I
157 1137 226 1215 8,3.
248 1135 454 1217 fastidierunt
476 1134 510 1196 Π
536 1136 621 1216 77,3.
646 1134 834 1219 Operticruut
856 1136 889 1198 Il
908 1137 973 1216 7,1.
997 1138 1177 1201 lacessierut

115 1244 149 1307 11
173 1246 260 1326 69,3.
299 1244 425 1327 nequiit
447 1244 482 1306 Π
507 1244 593 1325 68,2.
639 1244 811 1327 quaesierit
833 1245 849 1308 l
873 1244 940 1323 2,3.
976 1247 1090 1310 socuiit
1119 1249 1175 1331 (ex

115 1353 248 1438 Hauptii
272 1354 468 1437 coniectura)
491 1353 525 1416 ΙΙ
549 1355 643 1436 82,1.
689 1354 871 1418 saevierunt
892 1355 925 1418 ll
950 1357 1017 1437 7,4.
1062 1358 1175 1421 seruiit

27 1494 29 1496 ·
114 1463 130 1526 I
154 1465 241 1545 13,3.
264 1464 362 1546 sopiit
384 1463 418 1525 ΙΙ
444 1465 552 1543 125,3.

134 1612 137 1618 ·
222 1572 339 1635 Contra
362 1573 461 1634 habes
485 1574 562 1634 haec
585 1573 738 1654 plenioris
761 1571 881 1636 formae
905 1576 1070 1656 exempla:
1095 1563 1177 1640 occi-

113 1688 203 1746 ocrat
224 1682 257 1745 ΙΙ
282 1682 333 1762 20,
346 1683 375 1745 3.
407 1680 719 1761 1138,6.Hso‚1.
753 1682 1067 1764 recrastinans.
1103 1706 1176 1749 cou-

114 1792 238 1876 cupiuit
261 1791 295 1854 11
319 1793 414 1867 88,2.
447 1790 561 1854 cuciuit
583 1789 615 1852 11
640 1790 691 1867 61,
704 1792 734 1852 2.
768 1791 882 1873 finiuit
902 1792 936 1855 Il
961 1795 1027 1874 3,2.
1061 1796 1175 1877 nequi-

114 1902 219 1966 uerint
258 1901 274 1964 I
308 1901 407 1981 ras.
443 1899 558 1983 petiuit
594 1901 716 1980 (Asiam
755 1901 832 1984 fuga
868 1902 984 1984 petiuit
1020 1905 1176 1988 iussuque

114 2010 157 2074 M.
192 2012 336 2092 Antonii,
371 2012 464 2073 ouius
499 2029 592 2092 opem
613 2009 758 2095 petierat)
780 2009 813 2072 11
839 2010 928 2091 illo.
952 2011 1094 2094 sepelivit
1125 2009 1178 2095 (de

112 2120 303 2184 Ruhnkenii
326 2117 561 2204 emendatione)
584 2118 617 2181 Il
640 2120 727 2199 82,l.
1052 2189 1054 2193 ¹

219 2230 338 2310 Restat,
367 2236 404 2292 ut
432 2228 620 2311 singillatim
654 2228 758 2291 dicam
789 2229 828 2292 de
859 2229 971 2293 formis
1004 2230 1178 2309 nonnullis,

115 2341 233 2423 quibus
256 2359 337 2404 usus
361 2338 506 2401 Velleius
528 2339 603 2420 plus
625 2340 775 2401 minusve
798 2338 837 2401 ab
861 2341 1053 2421 optimorum
1079 2340 1177 2421 scrip-

113 2458 220 2515 torum
244 2449 372 2513 dicendi
395 2449 628 2511 consuetudine
651 2446 859 2528 abhorreatl)

219 2559 267 2623 lla
290 2558 525 2641 coniugationis
548 2557 795 2640 periphrasticos
816 2576 897 2640 quae
922 2556 1038 2620 dicitur
1061 2556 1172 2634 forma,

116 2687 197 2750 quae
231 2673 356 2732 constat
379 2686 396 2730 e
419 2667 583 2750 participio
615 2667 746 2748 perfecti
770 2672 800 2730 et
822 2666 876 2749 fui
897 2663 1064 2751 fuerour,2)
1089 2665 1174 2748 apud

116 2776 277 2840 Velleium
300 2778 349 2840 his
371 2778 538 2840 invenitur
559 2775 656 2838 locis:
987 2753 990 2760 ’

222 2887 364 2969 porticus
388 2905 471 2968 quae
493 2885 629 2968 fueruat
651 2885 865 2949 circumdatae
892 2884 1018 2948 duabus
1042 2885 1177 2960 aedibus

118 2994 244 3077 111,3.
289 3014 346 3077 per
368 2995 543 3076 cuniculos,
579 2996 635 3076 qui
672 2997 753 3058 miro
778 3014 872 3077 opere
894 2995 1047 3078 fabricati
1068 2996 1103 3057 in
1127 2995 1175 3056 ‹li-

118 3123 227 3168 versas
251 3123 399 3188 agrorum
422 3106 520 3186 partis
542 3101 708 3186 fueruut3)
742 3103 776 3166 11
800 3105 850 3184 21,
867 3106 896 3167 4.
943 3106 1023 3185 eius,
1055 3083 1173 3187 aulus

222 3301 248 3369 1)
268 3298 382 3354 Causam
413 3315 473 3353 cum
502 3301 617 3370 requiro,
648 3301 681 3354 de
711 3317 763 3368 qua
788 3298 906 3366 Georges
930 3299 948 3352 l.
966 3299 983 3352 l.
1003 3317 1029 3368 p.
1049 3300 1083 3353 52
1105 3299 1176 3353 inter

114 3393 256 3449 verborum
271 3377 477 3446 formas'minas
491 3392 605 3446 usitatas
618 3392 760 3462 participia
779 3407 845 3460 quae
857 3394 921 3445 sunt
933 3396 1053 3444 extentus
1072 3391 1085 3444 I
1100 3390 1174 3455 11,6.

115 3485 144 3539 ΙΙ
163 3483 238 3549 703.
264 3486 291 3537 et
321 3483 468 3536 immixtus
486 3483 499 3536 Ι
519 3483 566 3547 2,2
590 3485 743 3536 adnotanda
766 3484 918 3552 putaverit,
944 3481 1045 3534 nullam
1070 3481 1175 3548 reperio

116 3577 148 3630 ef.
167 3575 301 3631 Neu0112
319 3591 344 3642 p.
363 3574 416 3627 570
435 3590 473 3642 sq.
494 3591 520 3642 p.
539 3575 600 3629 556.

223 3667 249 3736 2)
267 3666 342 3721 Neue
352 3667 392 3720 Π2
403 3685 427 3734 p.
441 3666 493 3719 352
506 3683 563 3735 sqq.
583 3667 714 3733 Zumptrt
732 3667 748 3736 ξ
770 3666 828 3720 168.
862 3665 979 3731 Draeger
991 3664 1018 3716 1²
1031 3681 1056 3732 p.
1070 3664 1121 3717 276
1134 3681 1173 3732 sq.

116 3758 210 3812 Haasii
227 3757 279 3810 447
298 3758 388 3813 adnot.
408 3759 441 3812 ad
460 3757 560 3825 Reisig.
579 3757 661 3815 sohel.
679 3758 726 3816 lat,
748 3787 779 3796 -
799 3756 831 3809 ei.
851 3770 955 3824 quoqne
968 3755 1109 3825 Kiihnast,
1128 3756 1175 3824 qui

116 3851 134 3905 l.
152 3851 170 3904 l.
190 3869 215 3918 p,
233 3851 285 3905 204
304 3865 362 3918 sqq.
390 3849 459 3903 hane
485 3849 599 3902 formam
627 3867 643 3902 a
670 3849 745 3902 Livio
765 3847 849 3915 primo
874 3846 961 3914 magis
978 3847 1175 3917 frequentatam

118 3959 176 3997 esse
194 3941 292 4002 docuit,

224 4034 250 4101 3)
268 4033 382 4100 fiaemrut
400 4032 462 4087 ΑΡ.
498 4031 620 4086 Halmius
639 4033 671 4085 de
690 4032 849 4099 coniectura,
875 4046 927 4098 qua
950 4046 1016 4099 opus
1035 4046 1089 4084 non
1108 4034 1176 4095 erat,

116 4125 270 4178 Burmanno
290 4127 432 4192 praeeunte
450 4125 556 4193 scripsit
572 4124 700 4190 forabunt.
722 4154 752 4162 -
773 4122 805 4178 of.
825 4122 943 4177 Kritzius
962 4125 995 4177 ad
1013 4123 1040 4177 h.
1058 4123 1076 4178 l.
