<?xml version="1.0" encoding="UTF-8"?>
<!DOCTYPE html PUBLIC "-//W3C//DTD XHTML 1.0 Transitional//EN"
    "http://www.w3.org/TR/xhtml1/DTD/xhtml1-transitional.dtd">
<html xmlns="http://www.w3.org/1999/xhtml" xml:lang="en" lang="en">
 <head>
  <title>
</title>
<meta http-equiv="Content-Type" content="text/html;charset=utf-8" />
  <meta name='ocr-system' content='tesseract 3.04.00' />
  <meta name='ocr-capabilities' content='ocr_page ocr_carea ocr_par ocr_line ocrx_word'/>
</head>
<body>
  <div class='ocr_page' id='page_1' title='image "./develleipatercu00milkgoog_0066.png"; bbox 0 0 2782 4642; ppageno 0'>
   <div class='ocr_carea' id='block_1_1' title="bbox 146 483 1261 3738">
    <p class='ocr_par' dir='ltr' id='par_1_1' title="bbox 150 483 748 568">
     <span class='ocr_line' id='line_1_1' title="bbox 150 483 748 568; baseline 0 -22"><span class='ocrx_word' id='word_1_1' title='bbox 150 485 322 568; x_wconf 82' lang='lat' dir='ltr'>paraprurr&#39;</span> <span class='ocrx_word' id='word_1_2' title='bbox 343 483 378 547; x_wconf 94' lang='grc' dir='ltr'>Π</span> <span class='ocrx_word' id='word_1_3' title='bbox 401 483 454 566; x_wconf 86' lang='grc'>97,</span> <span class='ocrx_word' id='word_1_4' title='bbox 477 490 508 546; x_wconf 86' lang='lat'>4.</span> <span class='ocrx_word' id='word_1_5' title='bbox 556 484 620 547; x_wconf 80' lang='lat' dir='ltr'>vid.</span> <span class='ocrx_word' id='word_1_6' title='bbox 644 503 673 566; x_wconf 90' lang='lat' dir='ltr'>p.</span> <span class='ocrx_word' id='word_1_7' title='bbox 697 485 748 546; x_wconf 88' lang='lat'>48.</span> 
     </span>
    </p>

    <p class='ocr_par' dir='ltr' id='par_1_2' title="bbox 149 589 1219 784">
     <span class='ocr_line' id='line_1_2' title="bbox 149 589 1219 676; baseline 0 -21"><span class='ocrx_word' id='word_1_8' title='bbox 149 594 335 676; x_wconf 76' lang='lat' dir='ltr'>praedatio:</span> <span class='ocrx_word' id='word_1_9' title='bbox 371 595 550 657; x_wconf 86' lang='lat' dir='ltr'>latrociniis</span> <span class='ocrx_word' id='word_1_10' title='bbox 584 612 621 655; x_wconf 87' lang='lat' dir='ltr'>ac</span> <span class='ocrx_word' id='word_1_11' title='bbox 655 589 916 676; x_wconf 80' lang='lat' dir='ltr'>praedationibus</span> <span class='ocrx_word' id='word_1_12' title='bbox 952 591 1101 655; x_wconf 90' lang='lat' dir='ltr'>infestato</span> <span class='ocrx_word' id='word_1_13' title='bbox 1132 593 1219 659; x_wconf 72' lang='lat' dir='ltr'>vmari</span> 
     </span>
     <span class='ocr_line' id='line_1_3' title="bbox 221 703 385 784; baseline 0 -18"><span class='ocrx_word' id='word_1_14' title='bbox 221 703 255 766; x_wconf 89' lang='grc' dir='ltr'>Π</span> <span class='ocrx_word' id='word_1_15' title='bbox 280 704 330 784; x_wconf 87' lang='grc'>73,</span> <span class='ocrx_word' id='word_1_16' title='bbox 355 705 385 766; x_wconf 86' lang='grc'>3.</span> 
     </span>
    </p>

    <p class='ocr_par' dir='ltr' id='par_1_3' title="bbox 156 809 1220 1111">
     <span class='ocr_line' id='line_1_4' title="bbox 156 809 1220 898; baseline 0 -24"><span class='ocrx_word' id='word_1_17' title='bbox 156 810 416 898; x_wconf 80' lang='lat' dir='ltr'>[praeparatrrs]:</span> <span class='ocrx_word' id='word_1_18' title='bbox 449 816 656 896; x_wconf 86' lang='lat' dir='ltr'>praeparatus</span> <span class='ocrx_word' id='word_1_19' title='bbox 687 815 798 872; x_wconf 89' lang='lat' dir='ltr'>contra</span> <span class='ocrx_word' id='word_1_20' title='bbox 825 828 900 873; x_wconf 90' lang='lat' dir='ltr'>eum</span> <span class='ocrx_word' id='word_1_21' title='bbox 930 809 1073 873; x_wconf 81' lang='lat' dir='ltr'>Caesaris</span> <span class='ocrx_word' id='word_1_22' title='bbox 1108 810 1220 875; x_wconf 89' lang='lat' dir='ltr'>habuit</span> 
     </span>
     <span class='ocr_line' id='line_1_5' title="bbox 223 918 1219 1002; baseline 0.001 -19"><span class='ocrx_word' id='word_1_23' title='bbox 223 921 301 984; x_wconf 89' lang='lat' dir='ltr'>belli</span> <span class='ocrx_word' id='word_1_24' title='bbox 325 927 445 984; x_wconf 89' lang='lat' dir='ltr'>metum</span> <span class='ocrx_word' id='word_1_25' title='bbox 469 920 502 984; x_wconf 89' lang='lat' dir='ltr'>II</span> <span class='ocrx_word' id='word_1_26' title='bbox 528 921 577 1002; x_wconf 89' lang='grc'>76,</span> <span class='ocrx_word' id='word_1_27' title='bbox 602 926 630 983; x_wconf 85' lang='lat'>3.</span> <span class='ocrx_word' id='word_1_28' title='bbox 657 955 701 964; x_wconf 97' lang='lat'><strong>—</strong></span> <span class='ocrx_word' id='word_1_29' title='bbox 736 918 810 982; x_wconf 90' lang='lat' dir='ltr'>Non</span> <span class='ocrx_word' id='word_1_30' title='bbox 838 925 961 982; x_wconf 90' lang='lat' dir='ltr'>constat</span> <span class='ocrx_word' id='word_1_31' title='bbox 983 918 1047 989; x_wconf 86' lang='lat' dir='ltr'>sibi</span> <span class='ocrx_word' id='word_1_32' title='bbox 1069 919 1219 984; x_wconf 87' lang='lat' dir='ltr'>Halmius</span> 
     </span>
     <span class='ocr_line' id='line_1_6' title="bbox 222 1028 1219 1111; baseline 0.001 -20"><span class='ocrx_word' id='word_1_33' title='bbox 222 1029 345 1094; x_wconf 79' lang='lat' dir='ltr'>Velleio</span> <span class='ocrx_word' id='word_1_34' title='bbox 367 1032 431 1093; x_wconf 51' lang='lat' dir='ltr'>¹hoo</span> <span class='ocrx_word' id='word_1_35' title='bbox 461 1030 653 1093; x_wconf 86' lang='lat' dir='ltr'>vocabulum</span> <span class='ocrx_word' id='word_1_36' title='bbox 684 1049 754 1092; x_wconf 90' lang='lat' dir='ltr'>eam</span> <span class='ocrx_word' id='word_1_37' title='bbox 787 1028 826 1092; x_wconf 94' lang='lat' dir='ltr'>ob</span> <span class='ocrx_word' id='word_1_38' title='bbox 855 1049 931 1111; x_wconf 89' lang='lat' dir='ltr'>rem,</span> <span class='ocrx_word' id='word_1_39' title='bbox 960 1029 1047 1111; x_wconf 88' lang='lat' dir='ltr'>quod</span> <span class='ocrx_word' id='word_1_40' title='bbox 1080 1036 1219 1109; x_wconf 90' lang='lat' dir='ltr'>praeter-</span> 
     </span>
    </p>

    <p class='ocr_par' dir='ltr' id='par_1_4' title="bbox 156 1138 1220 1442">
     <span class='ocr_line' id='line_1_7' title="bbox 156 1138 1220 1222; baseline 0.001 -21"><span class='ocrx_word' id='word_1_41' title='bbox 156 1194 159 1200; x_wconf 37' lang='lat'>,</span> <span class='ocrx_word' id='word_1_42' title='bbox 203 1159 318 1222; x_wconf 68' lang='lat' dir='ltr'>,quam</span> <span class='ocrx_word' id='word_1_43' title='bbox 342 1159 390 1222; x_wconf 89' lang='lat' dir='ltr'>ap.</span> <span class='ocrx_word' id='word_1_44' title='bbox 410 1138 537 1204; x_wconf 84' lang='lat' dir='ltr'>Gell.X</span> <span class='ocrx_word' id='word_1_45' title='bbox 564 1139 614 1220; x_wconf 88' lang='grc'>11,</span> <span class='ocrx_word' id='word_1_46' title='bbox 639 1139 665 1202; x_wconf 94' lang='grc'>7.</span> <span class='ocrx_word' id='word_1_47' title='bbox 691 1158 854 1221; x_wconf 88' lang='lat' dir='ltr'>nusquam</span> <span class='ocrx_word' id='word_1_48' title='bbox 877 1141 1052 1220; x_wconf 87' lang='lat' dir='ltr'>iuvenitur,</span> <span class='ocrx_word' id='word_1_49' title='bbox 1073 1140 1220 1221; x_wconf 87' lang='lat' dir='ltr'>eripiens,</span> 
     </span>
     <span class='ocr_line' id='line_1_8' title="bbox 221 1248 1219 1332; baseline -0.001 -21"><span class='ocrx_word' id='word_1_50' title='bbox 221 1253 351 1332; x_wconf 90' lang='lat' dir='ltr'>utpote</span> <span class='ocrx_word' id='word_1_51' title='bbox 375 1250 432 1330; x_wconf 91' lang='lat' dir='ltr'>qui</span> <span class='ocrx_word' id='word_1_52' title='bbox 455 1248 487 1312; x_wconf 92' lang='grc' dir='ltr'>ΙΙ</span> <span class='ocrx_word' id='word_1_53' title='bbox 510 1249 560 1328; x_wconf 85' lang='grc'>65,</span> <span class='ocrx_word' id='word_1_54' title='bbox 585 1251 613 1311; x_wconf 86' lang='grc'>2.</span> <span class='ocrx_word' id='word_1_55' title='bbox 637 1249 827 1331; x_wconf 74' lang='lat' dir='ltr'>desponsata</span> <span class='ocrx_word' id='word_1_56' title='bbox 849 1250 1020 1312; x_wconf 86' lang='lat' dir='ltr'>lectionem</span> <span class='ocrx_word' id='word_1_57' title='bbox 1045 1248 1219 1330; x_wconf 85' lang='lat' dir='ltr'>apographi</span> 
     </span>
     <span class='ocr_line' id='line_1_9' title="bbox 218 1356 1088 1442; baseline -0.002 -21"><span class='ocrx_word' id='word_1_58' title='bbox 218 1357 409 1421; x_wconf 79' lang='lat' dir='ltr'>Amerbach.</span> <span class='ocrx_word' id='word_1_59' title='bbox 433 1359 614 1421; x_wconf 81' lang='lat' dir='ltr'>retinuerit.</span> <span class='ocrx_word' id='word_1_60' title='bbox 637 1356 688 1439; x_wconf 85' lang='lat' dir='ltr'>(cl.</span> <span class='ocrx_word' id='word_1_61' title='bbox 712 1357 746 1419; x_wconf 90' lang='grc' dir='ltr'>Π</span> <span class='ocrx_word' id='word_1_62' title='bbox 774 1358 825 1434; x_wconf 87' lang='grc'>79,</span> <span class='ocrx_word' id='word_1_63' title='bbox 849 1360 880 1421; x_wconf 90' lang='grc'>2.</span> <span class='ocrx_word' id='word_1_64' title='bbox 912 1358 945 1420; x_wconf 91' lang='lat' dir='ltr'>Il</span> <span class='ocrx_word' id='word_1_65' title='bbox 969 1357 1021 1439; x_wconf 81' lang='lat'>94,</span> <span class='ocrx_word' id='word_1_66' title='bbox 1048 1356 1088 1442; x_wconf 91' lang='lat'>1.)</span> 
     </span>
    </p>

    <p class='ocr_par' dir='ltr' id='par_1_5' title="bbox 147 1466 1218 1657">
     <span class='ocr_line' id='line_1_10' title="bbox 147 1466 1218 1552; baseline 0.001 -22"><span class='ocrx_word' id='word_1_67' title='bbox 147 1488 280 1551; x_wconf 81' lang='lat' dir='ltr'>prosus:</span> <span class='ocrx_word' id='word_1_68' title='bbox 305 1486 419 1551; x_wconf 86' lang='lat' dir='ltr'>prosae</span> <span class='ocrx_word' id='word_1_69' title='bbox 444 1467 646 1550; x_wconf 85' lang='lat' dir='ltr'>eloquentiae</span> <span class='ocrx_word' id='word_1_70' title='bbox 661 1468 769 1552; x_wconf 18' lang='lat' dir='ltr'>,decus</span> <span class='ocrx_word' id='word_1_71' title='bbox 786 1516 793 1530; x_wconf 99' lang='lat'>.</span> <span class='ocrx_word' id='word_1_72' title='bbox 809 1516 837 1531; x_wconf 94' lang='lat'>..</span> <span class='ocrx_word' id='word_1_73' title='bbox 860 1466 921 1530; x_wconf 93' lang='lat' dir='ltr'>sub</span> <span class='ocrx_word' id='word_1_74' title='bbox 944 1467 1090 1550; x_wconf 86' lang='lat' dir='ltr'>principe</span> <span class='ocrx_word' id='word_1_75' title='bbox 1114 1469 1218 1551; x_wconf 91' lang='lat' dir='ltr'>operis</span> 
     </span>
     <span class='ocr_line' id='line_1_11' title="bbox 220 1575 700 1657; baseline 0 -18"><span class='ocrx_word' id='word_1_76' title='bbox 220 1579 272 1640; x_wconf 88' lang='lat' dir='ltr'>sui</span> <span class='ocrx_word' id='word_1_77' title='bbox 297 1577 402 1657; x_wconf 86' lang='lat' dir='ltr'>erupit</span> <span class='ocrx_word' id='word_1_78' title='bbox 424 1575 529 1638; x_wconf 85' lang='lat' dir='ltr'>Tullio</span> <span class='ocrx_word' id='word_1_79' title='bbox 552 1576 569 1637; x_wconf 90' lang='lat' dir='ltr'>I</span> <span class='ocrx_word' id='word_1_80' title='bbox 595 1577 646 1654; x_wconf 90' lang='grc'>17,</span> <span class='ocrx_word' id='word_1_81' title='bbox 670 1578 700 1639; x_wconf 88' lang='grc'>3.</span> 
     </span>
    </p>

    <p class='ocr_par' dir='ltr' id='par_1_6' title="bbox 151 1684 1220 1877">
     <span class='ocr_line' id='line_1_12' title="bbox 151 1684 1219 1769; baseline 0.006 -27"><span class='ocrx_word' id='word_1_82' title='bbox 151 1704 320 1768; x_wconf 79' lang='lat' dir='ltr'>repausare</span> <span class='ocrx_word' id='word_1_83' title='bbox 343 1687 364 1748; x_wconf 93' lang='lat' dir='ltr'>i.</span> <span class='ocrx_word' id='word_1_84' title='bbox 387 1704 409 1747; x_wconf 92' lang='lat' dir='ltr'>s.</span> <span class='ocrx_word' id='word_1_85' title='bbox 435 1704 465 1767; x_wconf 90' lang='lat' dir='ltr'>q.</span> <span class='ocrx_word' id='word_1_86' title='bbox 490 1705 538 1768; x_wconf 88' lang='lat' dir='ltr'>ap.</span> <span class='ocrx_word' id='word_1_87' title='bbox 566 1684 631 1751; x_wconf 80' lang='lat' dir='ltr'>Cic.</span> <span class='ocrx_word' id='word_1_88' title='bbox 656 1705 877 1768; x_wconf 77' lang='lat' dir='ltr'>compensare:</span> <span class='ocrx_word' id='word_1_89' title='bbox 902 1685 985 1748; x_wconf 87' lang='lat' dir='ltr'>mala</span> <span class='ocrx_word' id='word_1_90' title='bbox 997 1685 1090 1748; x_wconf 92' lang='lat' dir='ltr'>bonis</span> <span class='ocrx_word' id='word_1_91' title='bbox 1107 1704 1219 1769; x_wconf 89' lang='lat' dir='ltr'>repen-</span> 
     </span>
     <span class='ocr_line' id='line_1_13' title="bbox 221 1792 1220 1877; baseline 0.001 -21"><span class='ocrx_word' id='word_1_92' title='bbox 221 1813 308 1856; x_wconf 88' lang='lat' dir='ltr'>sasse</span> <span class='ocrx_word' id='word_1_93' title='bbox 336 1792 369 1855; x_wconf 91' lang='lat' dir='ltr'>II</span> <span class='ocrx_word' id='word_1_94' title='bbox 394 1796 444 1875; x_wconf 84' lang='lat'>12,</span> <span class='ocrx_word' id='word_1_95' title='bbox 474 1798 501 1856; x_wconf 84' lang='lat'>5.</span> <span class='ocrx_word' id='word_1_96' title='bbox 525 1797 673 1877; x_wconf 83' lang='lat' dir='ltr'>voluptas</span> <span class='ocrx_word' id='word_1_97' title='bbox 777 1795 893 1857; x_wconf 91' lang='lat' dir='ltr'>damno</span> <span class='ocrx_word' id='word_1_98' title='bbox 921 1800 1093 1877; x_wconf 79' lang='lat' dir='ltr'>repensare</span> <span class='ocrx_word' id='word_1_99' title='bbox 1116 1802 1163 1858; x_wconf 90' lang='lat' dir='ltr'>est</span> <span class='ocrx_word' id='word_1_100' title='bbox 1186 1794 1220 1857; x_wconf 90' lang='lat' dir='ltr'>II</span> 
     </span>
    </p>

    <p class='ocr_par' dir='ltr' id='par_1_7' title="bbox 154 1903 708 1988">
     <span class='ocr_line' id='line_1_14' title="bbox 154 1903 708 1988; baseline 0.011 -27"><span class='ocrx_word' id='word_1_101' title='bbox 154 1978 159 1986; x_wconf 87' lang='lat'>.</span> <span class='ocrx_word' id='word_1_102' title='bbox 222 1903 272 1982; x_wconf 88' lang='grc'>21,</span> <span class='ocrx_word' id='word_1_103' title='bbox 296 1903 328 1964; x_wconf 94' lang='lat'>4.</span> <span class='ocrx_word' id='word_1_104' title='bbox 355 1940 394 1949; x_wconf 89' lang='lat'>-</span> <span class='ocrx_word' id='word_1_105' title='bbox 419 1905 483 1970; x_wconf 83' lang='lat' dir='ltr'>vid.</span> <span class='ocrx_word' id='word_1_106' title='bbox 510 1903 539 1969; x_wconf 93' lang='lat'>4.</span> <span class='ocrx_word' id='word_1_107' title='bbox 559 1925 708 1988; x_wconf 81' lang='lat' dir='ltr'>pensare.</span> 
     </span>
    </p>

    <p class='ocr_par' dir='ltr' id='par_1_8' title="bbox 152 2006 1219 2202">
     <span class='ocr_line' id='line_1_15' title="bbox 152 2006 1219 2097; baseline 0.002 -24"><span class='ocrx_word' id='word_1_108' title='bbox 152 2006 402 2096; x_wconf 73' lang='lat' dir='ltr'>llsacerdotalr‘sll:</span> <span class='ocrx_word' id='word_1_109' title='bbox 431 2012 639 2076; x_wconf 88' lang='lat' dir='ltr'>nobilissimis</span> <span class='ocrx_word' id='word_1_110' title='bbox 663 2033 700 2076; x_wconf 88' lang='lat' dir='ltr'>ao</span> <span class='ocrx_word' id='word_1_111' title='bbox 723 2012 974 2077; x_wconf 87' lang='lat' dir='ltr'>sacerdotalibus</span> <span class='ocrx_word' id='word_1_112' title='bbox 994 2011 1219 2097; x_wconf 71' lang='lat' dir='ltr'>(sacerdotibus</span> 
     </span>
     <span class='ocr_line' id='line_1_16' title="bbox 221 2121 648 2202; baseline 0.005 -19"><span class='ocrx_word' id='word_1_113' title='bbox 221 2123 261 2184; x_wconf 82' lang='lat' dir='ltr'>A.</span> <span class='ocrx_word' id='word_1_114' title='bbox 288 2122 338 2201; x_wconf 82' lang='lat' dir='ltr'>P.)</span> <span class='ocrx_word' id='word_1_115' title='bbox 361 2124 440 2186; x_wconf 84' lang='lat' dir='ltr'>viris</span> <span class='ocrx_word' id='word_1_116' title='bbox 464 2121 496 2185; x_wconf 92' lang='grc' dir='ltr'>Π</span> <span class='ocrx_word' id='word_1_117' title='bbox 522 2123 594 2202; x_wconf 82' lang='grc'><strong>124,</strong></span> <span class='ocrx_word' id='word_1_118' title='bbox 618 2127 648 2186; x_wconf 93' lang='lat'>4.</span> 
     </span>
    </p>

    <p class='ocr_par' dir='ltr' id='par_1_9' title="bbox 152 2231 1219 2424">
     <span class='ocr_line' id='line_1_17' title="bbox 152 2231 1219 2316; baseline -0.001 -23"><span class='ocrx_word' id='word_1_119' title='bbox 152 2231 307 2314; x_wconf 70' lang='lat' dir='ltr'>scalpatur:</span> <span class='ocrx_word' id='word_1_120' title='bbox 343 2233 401 2294; x_wconf 90' lang='lat' dir='ltr'>hoo</span> <span class='ocrx_word' id='word_1_121' title='bbox 436 2232 519 2295; x_wconf 88' lang='lat' dir='ltr'>idem</span> <span class='ocrx_word' id='word_1_122' title='bbox 557 2235 703 2296; x_wconf 87' lang='lat' dir='ltr'>evenisse</span> <span class='ocrx_word' id='word_1_123' title='bbox 737 2233 953 2316; x_wconf 82' lang='lat' dir='ltr'>grammaticis</span> <span class='ocrx_word' id='word_1_124' title='bbox 981 2232 1092 2314; x_wconf 90' lang='lat' dir='ltr'>plastis</span> <span class='ocrx_word' id='word_1_125' title='bbox 1119 2233 1219 2313; x_wconf 88' lang='lat' dir='ltr'>picto·</span> 
     </span>
     <span class='ocr_line' id='line_1_18' title="bbox 218 2340 719 2424; baseline 0.01 -23"><span class='ocrx_word' id='word_1_126' title='bbox 218 2340 309 2404; x_wconf 89' lang='lat' dir='ltr'>ribus</span> <span class='ocrx_word' id='word_1_127' title='bbox 334 2341 547 2424; x_wconf 77' lang='lat' dir='ltr'>scalptoribus</span> <span class='ocrx_word' id='word_1_128' title='bbox 571 2343 587 2404; x_wconf 88' lang='lat'>1</span> <span class='ocrx_word' id='word_1_129' title='bbox 613 2343 663 2423; x_wconf 88' lang='grc'>17,</span> <span class='ocrx_word' id='word_1_130' title='bbox 688 2346 719 2407; x_wconf 91' lang='lat'>4.</span> 
     </span>
    </p>

    <p class='ocr_par' dir='ltr' id='par_1_10' title="bbox 150 2451 1218 2644">
     <span class='ocr_line' id='line_1_19' title="bbox 150 2451 1218 2534; baseline -0.001 -23"><span class='ocrx_word' id='word_1_131' title='bbox 150 2469 278 2512; x_wconf 73' lang='lat' dir='ltr'>sectere:</span> <span class='ocrx_word' id='word_1_132' title='bbox 304 2471 401 2533; x_wconf 91' lang='lat' dir='ltr'>quam</span> <span class='ocrx_word' id='word_1_133' title='bbox 423 2451 516 2514; x_wconf 88' lang='lat' dir='ltr'>illum</span> <span class='ocrx_word' id='word_1_134' title='bbox 542 2457 578 2514; x_wconf 90' lang='lat' dir='ltr'>ut</span> <span class='ocrx_word' id='word_1_135' title='bbox 600 2453 763 2534; x_wconf 87' lang='lat' dir='ltr'>honorate,</span> <span class='ocrx_word' id='word_1_136' title='bbox 793 2453 839 2515; x_wconf 92' lang='lat' dir='ltr'>sic</span> <span class='ocrx_word' id='word_1_137' title='bbox 863 2469 975 2514; x_wconf 85' lang='lat' dir='ltr'>secure</span> <span class='ocrx_word' id='word_1_138' title='bbox 1000 2451 1148 2512; x_wconf 91' lang='lat' dir='ltr'>continet.</span> <span class='ocrx_word' id='word_1_139' title='bbox 1176 2486 1218 2494; x_wconf 93' lang='lat'>-</span> 
     </span>
     <span class='ocr_line' id='line_1_20' title="bbox 220 2557 630 2644; baseline 0.005 -23"><span class='ocrx_word' id='word_1_140' title='bbox 220 2560 257 2621; x_wconf 87' lang='lat' dir='ltr'>cf.</span> <span class='ocrx_word' id='word_1_141' title='bbox 281 2558 422 2641; x_wconf 85' lang='lat' dir='ltr'>Draeger</span> <span class='ocrx_word' id='word_1_142' title='bbox 445 2557 477 2622; x_wconf 73' lang='grc' dir='ltr'>Ι2</span> <span class='ocrx_word' id='word_1_143' title='bbox 499 2582 530 2644; x_wconf 92' lang='lat' dir='ltr'>p.</span> <span class='ocrx_word' id='word_1_144' title='bbox 558 2561 630 2624; x_wconf 88' lang='grc'><strong>116.</strong></span> 
     </span>
    </p>

    <p class='ocr_par' dir='ltr' id='par_1_11' title="bbox 154 2666 1217 2968">
     <span class='ocr_line' id='line_1_21' title="bbox 154 2666 1216 2754; baseline 0.001 -25"><span class='ocrx_word' id='word_1_145' title='bbox 154 2666 369 2750; x_wconf 82' lang='lat' dir='ltr'>*subrefectus</span> <span class='ocrx_word' id='word_1_146' title='bbox 393 2673 441 2730; x_wconf 87' lang='lat' dir='ltr'>est</span> <span class='ocrx_word' id='word_1_147' title='bbox 459 2670 648 2751; x_wconf 83' lang='lat' dir='ltr'>paullulum</span> <span class='ocrx_word' id='word_1_148' title='bbox 671 2671 825 2754; x_wconf 76' lang='lat' dir='ltr'>resectus:</span> <span class='ocrx_word' id='word_1_149' title='bbox 851 2671 1019 2752; x_wconf 84' lang='lat' dir='ltr'>Augustus</span> <span class='ocrx_word' id='word_1_150' title='bbox 1043 2717 1049 2729; x_wconf 93' lang='lat'>.</span> <span class='ocrx_word' id='word_1_151' title='bbox 1074 2718 1082 2732; x_wconf 91' lang='lat'>.</span> <span class='ocrx_word' id='word_1_152' title='bbox 1106 2718 1113 2734; x_wconf 91' lang='lat'>.</span> <span class='ocrx_word' id='word_1_153' title='bbox 1143 2667 1216 2730; x_wconf 92' lang='lat' dir='ltr'>sub-</span> 
     </span>
     <span class='ocr_line' id='line_1_22' title="bbox 219 2776 1217 2864; baseline 0.001 -25"><span class='ocrx_word' id='word_1_154' title='bbox 219 2776 357 2840; x_wconf 87' lang='lat' dir='ltr'>refeotus</span> <span class='ocrx_word' id='word_1_155' title='bbox 391 2777 495 2860; x_wconf 89' lang='lat' dir='ltr'>primo</span> <span class='ocrx_word' id='word_1_156' title='bbox 531 2786 705 2864; x_wconf 87' lang='lat' dir='ltr'>conspectu</span> <span class='ocrx_word' id='word_1_157' title='bbox 736 2781 942 2862; x_wconf 87' lang='lat' dir='ltr'>alloquioque</span> <span class='ocrx_word' id='word_1_158' title='bbox 974 2780 1132 2842; x_wconf 80' lang='lat' dir='ltr'>carissimi</span> <span class='ocrx_word' id='word_1_159' title='bbox 1156 2777 1217 2842; x_wconf 92' lang='lat' dir='ltr'>sibi</span> 
     </span>
     <span class='ocr_line' id='line_1_23' title="bbox 220 2885 552 2968; baseline 0.012 -22"><span class='ocrx_word' id='word_1_160' title='bbox 220 2886 352 2968; x_wconf 88' lang='lat' dir='ltr'>spiritus</span> <span class='ocrx_word' id='word_1_161' title='bbox 374 2885 410 2948; x_wconf 91' lang='lat' dir='ltr'>H</span> <span class='ocrx_word' id='word_1_162' title='bbox 436 2886 508 2962; x_wconf 85' lang='lat'>123,</span> <span class='ocrx_word' id='word_1_163' title='bbox 524 2889 552 2950; x_wconf 87' lang='grc'>2.</span> 
     </span>
    </p>

    <p class='ocr_par' dir='ltr' id='par_1_12' title="bbox 155 2993 1261 3297">
     <span class='ocr_line' id='line_1_24' title="bbox 155 2993 1217 3082; baseline 0.005 -28"><span class='ocrx_word' id='word_1_164' title='bbox 155 2993 415 3076; x_wconf 75' lang='lat' dir='ltr'>*terptremorrter</span> <span class='ocrx_word' id='word_1_165' title='bbox 437 2998 457 3058; x_wconf 92' lang='lat' dir='ltr'>i.</span> <span class='ocrx_word' id='word_1_166' title='bbox 482 3017 510 3079; x_wconf 92' lang='lat' dir='ltr'>q.</span> <span class='ocrx_word' id='word_1_167' title='bbox 534 3004 736 3063; x_wconf 69' lang='lat' dir='ltr'>corroborator:</span> <span class='ocrx_word' id='word_1_168' title='bbox 763 3000 818 3082; x_wconf 89' lang='lat' dir='ltr'>qui</span> <span class='ocrx_word' id='word_1_169' title='bbox 842 2999 881 3061; x_wconf 89' lang='lat' dir='ltr'>ad</span> <span class='ocrx_word' id='word_1_170' title='bbox 895 2998 1020 3060; x_wconf 81' lang='lat' dir='ltr'>Cannas</span> <span class='ocrx_word' id='word_1_171' title='bbox 1044 3017 1142 3080; x_wconf 89' lang='lat' dir='ltr'>quam</span> <span class='ocrx_word' id='word_1_172' title='bbox 1155 3002 1217 3060; x_wconf 89' lang='lat' dir='ltr'>ter·</span> 
     </span>
     <span class='ocr_line' id='line_1_25' title="bbox 220 3106 1261 3193; baseline 0.003 -27"><span class='ocrx_word' id='word_1_173' title='bbox 220 3106 420 3187; x_wconf 84' lang='lat' dir='ltr'>giversanter</span> <span class='ocrx_word' id='word_1_174' title='bbox 442 3108 655 3188; x_wconf 80' lang='lat' dir='ltr'>perniciosam</span> <span class='ocrx_word' id='word_1_175' title='bbox 683 3110 729 3173; x_wconf 89' lang='lat' dir='ltr'>rei</span> <span class='ocrx_word' id='word_1_176' title='bbox 757 3108 904 3193; x_wconf 89' lang='lat' dir='ltr'>publicae</span> <span class='ocrx_word' id='word_1_177' title='bbox 928 3126 1070 3190; x_wconf 82' lang='lat' dir='ltr'>pugnam</span> <span class='ocrx_word' id='word_1_178' title='bbox 1093 3109 1217 3188; x_wconf 88' lang='lat' dir='ltr'>inierat,</span> <span class='ocrx_word' id='word_1_179' title='bbox 1258 3120 1261 3124; x_wconf 76' lang='grc'><em>’</em></span> 
     </span>
     <span class='ocr_line' id='line_1_26' title="bbox 220 3214 990 3297; baseline 0.005 -22"><span class='ocrx_word' id='word_1_180' title='bbox 220 3219 284 3275; x_wconf 89' lang='lat' dir='ltr'>tam</span> <span class='ocrx_word' id='word_1_181' title='bbox 308 3214 432 3277; x_wconf 88' lang='lat' dir='ltr'>fortiter</span> <span class='ocrx_word' id='word_1_182' title='bbox 454 3217 488 3277; x_wconf 94' lang='lat' dir='ltr'>in</span> <span class='ocrx_word' id='word_1_183' title='bbox 512 3235 549 3279; x_wconf 90' lang='lat' dir='ltr'>ea</span> <span class='ocrx_word' id='word_1_184' title='bbox 572 3225 706 3281; x_wconf 91' lang='lat' dir='ltr'>mortem</span> <span class='ocrx_word' id='word_1_185' title='bbox 732 3219 854 3281; x_wconf 89' lang='lat' dir='ltr'>obierat</span> <span class='ocrx_word' id='word_1_186' title='bbox 876 3216 895 3280; x_wconf 88' lang='lat' dir='ltr'>I</span> <span class='ocrx_word' id='word_1_187' title='bbox 920 3216 990 3297; x_wconf 85' lang='lat'>9,3.</span> 
     </span>
    </p>

    <p class='ocr_par' dir='ltr' id='par_1_13' title="bbox 153 3324 1218 3520">
     <span class='ocr_line' id='line_1_27' title="bbox 153 3324 1218 3411; baseline 0.005 -29"><span class='ocrx_word' id='word_1_188' title='bbox 153 3325 365 3387; x_wconf 80' lang='lat' dir='ltr'>trarrscrrrsrrs</span> <span class='ocrx_word' id='word_1_189' title='bbox 390 3325 584 3388; x_wconf 81' lang='lat' dir='ltr'>vocabulum</span> <span class='ocrx_word' id='word_1_190' title='bbox 609 3347 703 3411; x_wconf 88' lang='lat' dir='ltr'>saepe</span> <span class='ocrx_word' id='word_1_191' title='bbox 726 3327 873 3391; x_wconf 87' lang='lat' dir='ltr'>Velleius</span> <span class='ocrx_word' id='word_1_192' title='bbox 898 3331 1031 3409; x_wconf 87' lang='lat' dir='ltr'>usurpat</span> <span class='ocrx_word' id='word_1_193' title='bbox 1055 3324 1095 3386; x_wconf 88' lang='lat' dir='ltr'>ad</span> <span class='ocrx_word' id='word_1_194' title='bbox 1119 3325 1218 3387; x_wconf 79' lang='lat' dir='ltr'>decla-</span> 
     </span>
     <span class='ocr_line' id='line_1_28' title="bbox 222 3433 1215 3520; baseline 0.005 -27"><span class='ocrx_word' id='word_1_195' title='bbox 222 3433 354 3496; x_wconf 88' lang='lat' dir='ltr'>randam</span> <span class='ocrx_word' id='word_1_196' title='bbox 379 3434 577 3515; x_wconf 77' lang='lat' dir='ltr'>brevitatem,</span> <span class='ocrx_word' id='word_1_197' title='bbox 606 3457 669 3519; x_wconf 88' lang='lat' dir='ltr'>qua</span> <span class='ocrx_word' id='word_1_198' title='bbox 703 3440 810 3500; x_wconf 90' lang='lat' dir='ltr'>omnia</span> <span class='ocrx_word' id='word_1_199' title='bbox 832 3437 1020 3500; x_wconf 86' lang='lat' dir='ltr'>festinanter</span> <span class='ocrx_word' id='word_1_200' title='bbox 1043 3438 1215 3520; x_wconf 88' lang='lat' dir='ltr'>percurrit:</span> 
     </span>
    </p>

    <p class='ocr_par' dir='ltr' id='par_1_14' title="bbox 146 3545 1216 3738">
     <span class='ocr_line' id='line_1_29' title="bbox 146 3545 1216 3628; baseline 0.005 -25"><span class='ocrx_word' id='word_1_201' title='bbox 146 3617 149 3623; x_wconf 88' lang='lat'>.</span> <span class='ocrx_word' id='word_1_202' title='bbox 221 3548 340 3624; x_wconf 88' lang='lat' dir='ltr'>quanto</span> <span class='ocrx_word' id='word_1_203' title='bbox 365 3545 473 3606; x_wconf 90' lang='lat' dir='ltr'>omnia</span> <span class='ocrx_word' id='word_1_204' title='bbox 496 3550 684 3609; x_wconf 85' lang='lat' dir='ltr'>transcursu</span> <span class='ocrx_word' id='word_1_205' title='bbox 707 3545 842 3609; x_wconf 90' lang='lat' dir='ltr'>dicenda</span> <span class='ocrx_word' id='word_1_206' title='bbox 866 3549 930 3609; x_wconf 92' lang='lat' dir='ltr'>sint</span> <span class='ocrx_word' id='word_1_207' title='bbox 958 3545 992 3607; x_wconf 88' lang='lat' dir='ltr'>II</span> <span class='ocrx_word' id='word_1_208' title='bbox 1017 3547 1067 3625; x_wconf 79' lang='lat'>55,</span> <span class='ocrx_word' id='word_1_209' title='bbox 1083 3547 1108 3606; x_wconf 86' lang='lat'>1.</span> <span class='ocrx_word' id='word_1_210' title='bbox 1144 3547 1216 3628; x_wconf 89' lang='lat' dir='ltr'>quis</span> 
     </span>
     <span class='ocr_line' id='line_1_30' title="bbox 219 3650 1216 3738; baseline 0.007 -29"><span class='ocrx_word' id='word_1_211' title='bbox 219 3650 254 3710; x_wconf 88' lang='lat' dir='ltr'>in</span> <span class='ocrx_word' id='word_1_212' title='bbox 279 3651 337 3714; x_wconf 92' lang='lat' dir='ltr'>hoc</span> <span class='ocrx_word' id='word_1_213' title='bbox 361 3658 553 3718; x_wconf 86' lang='lat' dir='ltr'>transcursu</span> <span class='ocrx_word' id='word_1_214' title='bbox 576 3660 640 3717; x_wconf 89' lang='lat' dir='ltr'>tam</span> <span class='ocrx_word' id='word_1_215' title='bbox 665 3658 759 3719; x_wconf 88' lang='lat' dir='ltr'>artati</span> <span class='ocrx_word' id='word_1_216' title='bbox 783 3657 888 3738; x_wconf 89' lang='lat' dir='ltr'>operis</span> <span class='ocrx_word' id='word_1_217' title='bbox 905 3655 1083 3737; x_wconf 81' lang='lat' dir='ltr'>exprimere</span> <span class='ocrx_word' id='word_1_218' title='bbox 1100 3654 1216 3717; x_wconf 88' lang='lat' dir='ltr'>audeat</span> 
     </span>
    </p>
   </div>
   <div class='ocr_carea' id='block_1_2' title="bbox 219 3757 1216 3949">
    <p class='ocr_par' dir='ltr' id='par_1_15' title="bbox 219 3757 1216 3949">
     <span class='ocr_line' id='line_1_31' title="bbox 219 3757 1216 3848; baseline 0.006 -28"><span class='ocrx_word' id='word_1_219' title='bbox 219 3757 253 3821; x_wconf 90' lang='lat' dir='ltr'>II</span> <span class='ocrx_word' id='word_1_220' title='bbox 276 3759 371 3840; x_wconf 85' lang='grc'><strong>86,1.</strong></span> <span class='ocrx_word' id='word_1_221' title='bbox 396 3763 477 3826; x_wconf 90' lang='lat' dir='ltr'>illud</span> <span class='ocrx_word' id='word_1_222' title='bbox 501 3765 596 3826; x_wconf 87' lang='lat' dir='ltr'>etiam</span> <span class='ocrx_word' id='word_1_223' title='bbox 620 3767 655 3827; x_wconf 92' lang='lat' dir='ltr'>in</span> <span class='ocrx_word' id='word_1_224' title='bbox 675 3767 734 3827; x_wconf 88' lang='lat' dir='ltr'>hoc</span> <span class='ocrx_word' id='word_1_225' title='bbox 758 3773 949 3827; x_wconf 86' lang='lat' dir='ltr'>transcursu</span> <span class='ocrx_word' id='word_1_226' title='bbox 968 3763 1144 3848; x_wconf 19' lang='lat' dir='ltr'>*dicendum</span> <span class='ocrx_word' id='word_1_227' title='bbox 1169 3770 1216 3826; x_wconf 91' lang='lat' dir='ltr'>est</span> 
     </span>
     <span class='ocr_line' id='line_1_32' title="bbox 219 3867 369 3949; baseline 0.033 -20"><span class='ocrx_word' id='word_1_228' title='bbox 219 3867 252 3930; x_wconf 91' lang='lat' dir='ltr'>Il</span> <span class='ocrx_word' id='word_1_229' title='bbox 279 3870 329 3949; x_wconf 83' lang='grc'>99,</span> <span class='ocrx_word' id='word_1_230' title='bbox 339 3873 369 3935; x_wconf 90' lang='lat'>4.</span> 
     </span>
    </p>
   </div>
   <div class='ocr_carea' id='block_1_3' title="bbox 0 0 1403 4642">
    <p class='ocr_par' dir='ltr' id='par_1_16' title="bbox 0 0 1403 4642">
     <span class='ocr_line' id='line_1_33' title="bbox 0 0 1403 4642; baseline 0 0"><span class='ocrx_word' id='word_1_231' title='bbox 0 0 1403 4642; x_wconf 95' lang='lat' dir='ltr'> </span> 
     </span>
    </p>
   </div>
  </div>
 </body>
</html>
