2782 4642
168 1600 213 1669 [ln
236 1599 301 1653 locis
320 1598 409 1650 Vellei
435 1582 579 1647 afferendis
605 1596 712 1645 secutus
740 1610 800 1646 sum
829 1593 973 1646 editionem
1002 1609 1067 1646 cura
1094 1596 1120 1646 et
1138 1594 1226 1648 studio

360 1685 388 1737 O.
409 1682 510 1735 Halmii
529 1682 600 1752 Lips.
621 1699 644 1737 a.
665 1683 734 1738 1876
753 1683 827 1753 typis
845 1682 1027 1756 impressam]

270 1799 344 1862 Non
368 1815 479 1860 omncs
503 1796 652 1861 omnibus
671 1796 867 1882 temporibus
890 1799 977 1862 idem
1000 1800 1226 1864 iudicaverunt

108 1911 112 1915 ’
165 1911 204 1972 de
228 1908 331 1972 Vellei
355 1906 516 1970 Paterculi
549 1907 740 1991 elocutione,
771 1909 805 1971 id
838 1908 923 1990 quod
959 1929 1016 1991 pre
1041 1906 1225 1973 diversitate

163 2016 395 2103 ingenioruml)
423 2020 455 2080 in
480 2036 515 2080 re
539 2018 649 2102 aliqua
673 2023 826 2101 exparte
851 2017 1017 2081 arbitraria
1042 2019 1134 2082 aliter
1155 2018 1226 2081 fieri

161 2129 282 2211 nequit.
329 2127 406 2190 Iure
432 2147 506 2192 vero
528 2129 664 2208 mireris,
686 2129 781 2210 longe
804 2128 962 2209 plurimos
985 2129 1131 2209 priorum
1156 2128 1225 2210 qui-

163 2239 236 2301 dem
269 2238 472 2301 sacculorum
506 2239 592 2300 viros
629 2239 746 2317 doctos,
792 2255 833 2298 ex
880 2234 998 2318 quibus
1034 2233 1224 2315 Muretum2)

161 2344 334 2429 Lipsium3)
360 2347 456 2411 Gerh.
480 2346 553 2409 doh.
578 2343 764 2426 Vossium4)
794 2343 864 2408 Nic.
888 2340 1088 2428 Heinsium3)
1111 2342 1224 2403 Ruhn-

160 2453 332 2538 lrenium,3)
366 2456 596 2520 subtilissimos
629 2454 702 2514 illos
726 2453 928 2532 proprietatis
950 2451 1069 2512 latinae
1092 2447 1227 2530 iudices,

160 2567 350 2627 nominatim
373 2565 515 2648 prolerre
540 2563 617 2624 satis
639 2559 752 2639 habeo,
776 2556 978 2620 abundanter
1001 2562 1032 2620 et
1054 2557 1225 2621 incredibi-

161 2675 226 2734 lem
265 2675 299 2731 in
332 2675 464 2732 modum
498 2670 631 2731 laudare
669 2665 771 2729 Vellei
809 2666 1006 2749 elepcotc'cm.
1061 2667 1225 2731 Nimirum

164 2776 331 2858 splendido
355 2778 588 2839 sententiarum
612 2775 815 2840 acumine'et
838 2781 950 2858 arguta
973 2777 1145 2842 verborum
1169 2798 1224 2863 op-

161 2886 319 2968 positione
343 2885 421 2948 adec
445 2885 493 2946 illi
517 2889 610 2968 quasi
633 2887 793 2950 obcaecati
817 2888 902 2966 sunt,
926 2891 969 2966 ut,
992 2887 1111 2950 iudicio
1134 2907 1224 2970 prae·

161 2995 302 3057 iudicata
336 2997 483 3077 opinione
519 2996 618 3058 semel
652 2998 810 3079 corrupte,
846 2995 934 3077 vitia,
969 2997 1090 3079 quibus
1118 2996 1224 3061 Vellei

162 3104 334 3168 dictionem
357 3103 502 3167 laborare
525 3106 620 3168 hodie
642 3105 706 3167 iam
732 3104 862 3168 abunde
885 3111 1018 3189 constat,
1045 3127 1111 3169 non
1135 3107 1223 3170 vide·

268 3281 295 3351 1)
314 3281 387 3346 Quae
406 3296 459 3348 quo
479 3279 638 3350 processerit
656 3280 707 3332 hac
725 3280 753 3332 in
771 3296 807 3344 re,
836 3281 922 3334 multa
939 3297 1049 3348 possum
1068 3281 1224 3335 testimonia

160 3371 288 3440 proferre3
308 3373 374 3425 illud
393 3389 475 3426 unum
491 3374 599 3438 adnoto,
619 3371 800 3426 claudicantes
812 3373 872 3426 illas
890 3373 1014 3440 periodos
1034 3375 1065 3426 ut
1084 3372 1222 3426 adiectiris

161 3465 189 3517 et
214 3463 365 3532 participiis
393 3464 535 3518 cumulatis
563 3465 602 3519 ita
629 3463 777 3518 interiectis
801 3463 1033 3540 enuntiationibus
1051 3462 1173 3516 relativis
1193 3479 1227 3516 ae

160 3555 365 3623 parenthesibus
384 3556 593 3620 molestissimas,
613 3571 678 3623 quas
690 3556 721 3610 F.
733 3555 852 3610 Kritzius
870 3555 898 3608 in
910 3537 1033 3623 Pr‘olegg.
1052 3571 1079 3622 p.
1090 3552 1155 3606 LXI
1164 3569 1221 3621 sqq.

161 3647 302 3716 congessit,
321 3664 337 3700 a
355 3647 469 3702 Krausio
488 3648 516 3700 in
534 3647 659 3716 Prolegg.
678 3665 703 3716 p.
723 3645 765 3702 19.
793 3648 906 3717 ‘insigne
931 3645 1019 3714 operis
1037 3647 1222 3699 ornamentum

160 3738 443 3818 delectamentumque’
465 3739 601 3808 appellari.

267 3829 294 3897 2)
312 3830 355 3883 Ad
375 3830 428 3886 Cic.
448 3831 506 3886 Cat.
524 3831 566 3884 HI
576 3832 617 3887 10.
636 3833 716 3903 (teste
734 3830 851 3900 Ruhnk.)

268 3918 295 3987 3)
314 3917 354 3974 cf.
373 3920 558 3977 Praefationes
576 3923 717 3978 Ruhnken.
746 3922 858 3976 editioni
878 3939 901 3981 a.
922 3920 991 3975 1779
1017 3919 1175 3989 praemissas
1194 3920 1222 3971 et

160 4006 276 4062 Walchii
293 4010 356 4066 hist.
377 4012 435 4068 crit.
454 4014 519 4082 ling,
538 4015 584 4071 lat.
604 4015 695 4087 (1716)
714 4033 739 4084 p.
759 4013 811 4068 375
830 4030 868 4082 sq.

266 4101 295 4171 4)
312 4103 382 4159 Hist.
401 4105 449 4159 lat.
468 4104 534 4180 124.
553 4123 579 4174 p.
600 4107 658 4162 109.
