2782 4642
671 281 712 343 20

165 454 1224 541 protraxissetpublicanorumfraudes,punissetavaritiamII92,2.

165 567 367 630 Varum...
401 566 503 648 magis
538 566 739 648 imperatoris
773 563 934 630 defectum
965 564 1099 627 consilio
1129 584 1225 647 quani

324 677 442 738 virtute
465 674 657 741 destitutum
681 674 819 737 militurn
840 672 875 735 Π
896 673 968 752 120,
980 671 1011 738 5.

166 785 225 847 hoc
248 790 296 847 est
319 785 472 847 nimirum
496 785 598 866 magis
632 773 764 846 feliciter
795 782 834 845 de
860 783 928 846 vita
961 784 1102 864 migrare
1126 803 1224 866 quarn

323 893 408 957 mori
431 893 447 954 Ι
473 893 523 974 11,
537 893 566 957 7.

165 1003 323 1085 citiusque
348 1000 526 1066 Caesar...
549 1000 706 1084 promisit,
731 999 925 1082 (mamillis,
957 1004 993 1062 ut
1021 1019 1090 1064 eam
1114 1021 1224 1085 preca-

322 1117 445 1186 rentur,
469 1127 662 1193 persuasum
686 1112 734 1172 est
757 1094 790 1170 ll
814 1109 866 1189 85,
880 1111 909 1171 5.

163 1223 229 1283 ianr
240 1218 588 1303 pridemdebitunr,sed
602 1218 842 1281 continuatione
854 1216 1014 1281 bellorum
1025 1217 1179 1283 dilatum.
1195 1271 1201 1285 .
1216 1271 1222 1283 .

323 1329 388 1411 egit
410 1327 607 1410 triumphum
631 1326 664 1389 ll
690 1328 762 1406 121,
777 1327 806 1393 2.

157 1441 213 1520 iis,
255 1439 311 1522 qui
346 1436 522 1500 aCaesare
558 1436 764 1500 dimittendos
799 1434 961 1500 exercitus
989 1437 1224 1501 contendebant

322 1545 563 1622 adsentabatur‚
584 1546 634 1624 iis,
659 1546 716 1627 qui
740 1543 780 1608 ab
812 1547 881 1628 ipso
906 1565 1043 1628 quoque,
1071 1545 1222 1611 adversa·

321 1656 424 1737 batur,
446 1655 480 1717 II
503 1655 599 1734 48,1.

161 1766 225 1829 illis
256 1765 439 1848 diligentior
472 1767 554 1828 ritus
587 1763 683 1845 patrii
717 1765 840 1826 mansit
873 1765 1027 1846 custodia,
1060 1763 1223 1828 Cumanos

322 1872 406 1936 Osca
428 1875 569 1938 mutavit
592 1873 711 1935 vicinia
734 1872 750 1933 I
775 1875 804 1953 4,
818 1875 847 1936 2.

163 2003 301 2066 quorum
323 1983 457 2045 alterum
477 1981 690 2065 promittendo
710 1983 914 2046 consulatum
930 2003 995 2046 non
1011 1982 1221 2066 obligaverat,

321 2097 430 2154 contra
454 2090 628 2154 differendo
653 2089 798 2153 Cassium
822 2091 998 2157 offenderat
1019 2091 1054 2154 Π
1078 2092 1128 2173 56,
1141 2093 1168 2154 3.

161 2232 234 2275 curn
260 2229 353 2293 saepe
376 2209 519 2291 requir0,
544 2229 713 2291 nunquam
736 2212 863 2292 reperio
887 2210 903 2273 Ι
928 2210 978 2292 17,
992 2211 1020 2274 5.

161 2326 216 2384 aut
237 2320 373 2385 incussa
399 2319 551 2382 voluntas
586 2324 641 2381 aut
667 2318 822 2401 imposita
844 2321 1017 2383 necessitas
1040 2318 1074 2382 ΙΙ
1099 2317 1205 2399 latta

161 2435 216 2494 aut
252 2429 330 2512 quid
359 2447 423 2490 non
456 2429 657 2510 impetrando
687 2429 817 2509 passuri
851 2429 1022 2493 fuissemus
1055 2435 1109 2491 aut
1141 2427 1220 2510 quid

319 2537 520 2620 impetrando
544 2537 794 2619 profecissemus
817 2537 851 2598 ΙΙ
877 2537 991 2617 125,1.

265 2754 333 2816 Vix
367 2757 426 2817 erit
461 2756 563 2837 aptior
595 2756 686 2817 locus
722 2754 949 2818 enumerandis
981 2755 1069 2817 hisce
1096 2753 1218 2835 aliquot

160 2865 324 2947 exemplis,
355 2882 438 2946 quae
463 2884 658 2946 quamquam
683 2864 939 2927 allitterationem
961 2866 995 2925 in
1018 2862 1152 2925 vocibus
1177 2880 1218 2925 ex

159 2973 285 3057 legibus
308 2975 526 3055 grammaticis
547 2992 612 3036 non
628 2975 712 3036 inter
729 2993 763 3036 se
780 2971 1032 3056 congruentibus
1055 2971 1221 3055 praebent,

160 3088 266 3146 tamen
311 3083 480 3164 perspicua
519 3082 557 3144 de
598 3100 695 3144 causa
734 3083 810 3145 huic
849 3086 946 3166 priori
980 3083 1086 3167 potius
1119 3100 1219 3163 quam

160 3193 327 3276 posteriori
351 3190 572 3273 exemplorum
596 3193 678 3274 parti
702 3191 926 3274 subiungenda
948 3192 1073 3273 putavi:

160 3304 252 3365 cuins
289 3301 508 3382 integritatem
541 3301 667 3363 laudari
699 3301 787 3364 nefas
820 3306 876 3378 est,
910 3301 1084 3364 insolentia
1117 3316 1218 3382 paene

319 3411 409 3493 argui
432 3415 534 3491 potest
557 3409 591 3472 Il
614 3411 706 3491 45,5.

158 3538 244 3605 cunr,
267 3519 374 3582 Anicii
408 3517 597 3600 Octaviique
632 3520 830 3602 triumphurn
864 3538 959 3582 nemo
990 3517 1219 3600 interpellaret,

318 3628 408 3691 fuere
433 3629 488 3710 qui
512 3627 607 3690 Pauli
630 3627 791 3709 impedire
815 3628 1034 3691 obniterentur
1056 3627 1073 3688 Ι
1099 3628 1126 3708 9,
1137 3627 1166 3690 6.

158 3748 323 3810 Antonius
346 3747 456 3829 fugam
480 3767 582 3823 suam,
607 3749 682 3828 quia
702 3746 801 3810 vivus
818 3747 946 3826 exierat,
969 3745 1139 3810 victoriam
1162 3761 1218 3807 vo·

318 3856 408 3919 (rabat
431 3855 464 3918 ΙΙ
488 3858 539 3935 82,
551 3857 579 3918 3.

159 3963 317 4047 quidquid
352 3967 438 4028 enim
470 3985 617 4046 unquam
649 3965 842 4028 claritudine
875 3963 1024 4044 eminuit,
1050 3963 1084 4024 id
1117 3962 1218 4024 veluti

317 4079 488 4157 cognatum
512 4080 622 4138 censet
645 4072 802 4136 tuendum
825 4072 857 4135 Π
883 4073 998 4154 130,1.
