2782 4642
651 296 690 356 13

136 474 242 537 decori
264 473 394 556 publico
428 473 526 536 fuerit
561 473 802 535 convenientior
825 470 840 533 l
865 473 945 552 13,5.
979 492 1116 555 spesque
1139 474 1189 536 ete-

134 583 314 666 speratione
338 584 484 666 quaesita
508 582 541 645 Il
566 583 628 661 53.
655 581 780 644 horum
802 580 900 662 fidem
922 579 1190 665 Mytilenaeorum

92 761 93 764 ,
135 693 273 777 perfidia
296 692 506 755 inluminavit
528 692 561 754 ΙΙ
588 690 668 774 18‚3.
696 690 844 774 potentia
867 710 925 753 sua
947 711 1114 774 nunquam
1139 698 1196 755 aut

135 823 206 865 raro
231 803 271 864 ad
294 801 522 883 impotentiam
545 821 624 864 usus
651 800 685 863 Π
709 802 793 882 29,3.
827 801 948 863 armati
969 801 1125 863 inermem
1147 819 1196 864 se-

137 913 205 974 outi
229 915 306 973 sunt
329 908 456 991 neon.
482 914 682 993 praematura
707 916 807 972 morte
829 909 1042 973 immortalem
1058 911 1198 972 nominis

138 1021 189 1082 sui
211 1020 358 1101 pensavit
382 1021 568 1083 memoriam
591 1019 625 1082 Π
649 1021 733 1096 88,3.

244 1127 409 1191 Postremo
432 1149 470 1192 ea
493 1149 651 1213 ponamus
676 1139 767 1212 quae,
800 1150 995 1213 quamquam
1024 1147 1088 1190 non
1112 1130 1199 1192 eius·

139 1238 210 1301 dem
235 1244 311 1302 sunt
334 1240 442 1322 stirpis
454 1258 560 1322 neque
583 1238 668 1302 idern
683 1239 799 1320 valent,
822 1246 930 1309 tamen
946 1240 1082 1303 similem
1096 1257 1197 1321 quen·

139 1348 211 1410 darn
235 1368 350 1411 sonum
375 1349 530 1411 referunt:
561 1348 692 1411 aratione
718 1349 820 1428 magis
853 1369 950 1430 quarn
981 1348 1104 1412 ratione
1127 1347 1198 1426 bar-

138 1457 234 1520 barus
258 1457 292 1520 Π
319 1456 421 1538 108,2.
446 1459 514 1521 sita
537 1457 655 1521 obsitae
677 1459 810 1536 iustitia,
822 1460 966 1538 aequitas
979 1463 1037 1522 ete.
1048 1456 1081 1520 Π
1095 1457 1198 1537 radi.

137 1567 235 1630 aditis
263 1587 346 1649 quae
374 1569 431 1628 vix
453 1567 568 1629 audita
592 1571 681 1628 erant
704 1566 737 1628 ΙΙ
763 1567 820 1646 5,1.
848 1566 926 1628 'arbi
951 1563 1111 1650 orbiquel')
1135 1572 1199 1629 ter·

137 1676 401 1755 rarum1144,l.
428 1675 514 1739 01.ss
534 1675 637 1755 100,1.
656 1674 825 1757 profando
848 1675 1068 1757 eonfrradeadi
1090 1677 1197 1738 omnia

139 1785 312 1868 cupiditate
349 1783 379 1846 ll
405 1786 509 1865 125,l.
544 1783 723 1867 fastipimm
758 1803 816 1867 per
849 1785 935 1866 qnod
959 1834 965 1847 .
990 1834 995 1846 .
1021 1832 1028 1848 .
1051 1785 1201 1867 fastidire

138 1898 247 1977 posset
269 1893 302 1955 H
328 1894 410 1971 loa.
439 1893 581 1976 parendi
614 1893 846 1958 confessionem
880 1899 1057 1957 extorserat
1075 1914 1197 1979 pareas

139 2003 172 2066 Il
196 2004 278 2083 39,3.

246 2111 445 2194 Separandas
468 2093 580 2195 putavi
605 2112 644 2174 ab
667 2113 717 2175 his
742 2114 824 2176 alius
851 2115 979 2196 generis
1002 2114 1200 2195 festivitates,

140 2240 277 2303 quarum
300 2227 415 2284 natura
439 2240 475 2284 ee
500 2228 556 2303 est,
580 2225 615 2284 ut
638 2221 736 2285 verbo
759 2224 872 2286 iterato
898 2226 984 2287 notio
1001 2224 1127 2287 diversa
1149 2225 1199 2285 in·

139 2330 321 2412 tellegenda
344 2331 386 2393 sit
409 2330 508 2392 altero
532 2330 616 2392 loeo:
642 2351 759 2412 magna
782 2331 833 2394 ais
857 2331 996 2395 Graecae
1019 2333 1197 2395 iuventutis

141 2438 339 2501 abundantia
372 2439 496 2501 airiam
531 2445 588 2502 eta.
624 2437 729 2515 Ι4,3.
765 2445 916 2522 quattuor
949 2441 1036 2523 filios
1057 2441 1200 2522 sastalit,
1236 2505 1238 2509 .

140 2550 246 2611 omnis
272 2549 399 2611 adultae
423 2550 533 2611 aetatis
558 2548 646 2628 vidit,
671 2568 782 2612 omnes
805 2550 936 2632 reliquit
959 2552 1144 2633 superstites
1168 2557 1199 2614 et

140 2657 411 2735 honoratissimae,
426 2659 544 2720 mortui
568 2659 637 2721 eius
661 2659 779 2721 lectum
803 2678 860 2741 pro
876 2661 986 2723 rostris
998 2661 1200 2723 sustulerant

141 2770 294 2846 quattuor
326 2765 392 2847 filii
424 2764 612 2845 Iino-7.
647 2786 752 2850 neque
788 2773 860 2831 ante
895 2766 1031 2856 (edium)
1057 2772 1199 2833 invisum

142 2894 207 2936 esse
232 2874 350 2936 desinit
374 2894 470 2956 quam
495 2894 559 2936 esse
582 2875 675 2939 desiit
697 2877 714 2939 I
738 2879 821 2959 125.
847 2880 980 2960 eiusque
1005 2900 1121 2963 corpus
1144 2900 1199 2943 ve-

141 2983 204 3045 lato
227 2983 328 3065 eapite
351 2983 469 3045 elatam
492 2988 548 3064 est,
572 2988 665 3049 ouius
689 3006 785 3070 opera
809 3007 906 3071 super
924 2993 1025 3054 totum
1042 2994 1199 3052 terrarum

142 3092 251 3156 orbem
289 3091 390 3155 Roma
428 3094 581 3156 eatalerot
618 3101 714 3178 eaput
758 3096 791 3159 Π
835 3097 897 3176 lp.
940 3102 1120 3180 neuterque
1158 3097 1199 3161 ab

141 3204 240 3266 altero
265 3203 350 3285 quod
375 3202 526 3285 arpaebat
548 3205 699 3268 mentitus
729 3206 828 3289 arpai
859 3214 968 3290 posset
989 3207 1023 3270 ΙΙ
1047 3209 1127 3288 33,2.
1151 3212 1197 3270 tot

141 3312 372 3376 extraltaliam
395 3313 546 3395 domique
569 3332 664 3395 opera
688 3333 781 3378 omne
804 3319 874 3380 aevi
898 3319 951 3381 sui
975 3319 1113 3399 spatium
1136 3318 1197 3378 im·

140 3441 315 3504 pensurum
339 3424 373 3484 in
397 3422 431 3484 id
454 3423 558 3485 solum
582 3444 664 3506 opas
679 3426 865 3508 scriptorem
881 3426 1052 3509 fatigarent
1066 3424 1199 3501 Hert.

49 3617 52 3620 ἦ
141 3533 260 3594 etenim
283 3531 461 3594 absurdum
485 3537 561 3614 erat,
594 3553 659 3596 non
684 3553 753 3598 esse
781 3534 929 3615 subido,
965 3554 1048 3616 quae
1072 3533 1111 3596 ab
1142 3534 1200 3597 illa

141 3639 398 3719 aiadiaabaatar,
424 3647 455 3703 et
478 3643 536 3723 qui
559 3643 598 3705 ed
623 3663 714 3726 opem
737 3643 902 3706 ferendam
919 3647 1041 3726 primus
1066 3653 1142 3724 erat,
1157 3644 1198 3706 ad

142 3749 374 3812 vindicandam
398 3751 550 3813 honorem
575 3772 640 3815 non
663 3753 801 3815 iudieeri
823 3748 931 3836 pare‘rn
955 3753 988 3815 ΙΙ
1006 3754 1110 3836 121,2.
1133 3774 1198 3817 non

143 3872 351 3882 ——-..—--—-

248 3890 280 3993 1)Ι
293 3923 325 3981 ef.
345 3922 397 3978 Oia.
418 3921 476 3978 car.
495 3924 533 3978 IV
552 3925 628 3990 6‚ll:
662 3927 731 3981 hane
749 3928 850 3992 arrham,
880 3929 965 3982 lucem
985 3929 1199 3986 orbisterrarum.

140 4012 208 4082 Nep.
231 4015 312 4069 Attio.
332 4016 404 4081 20‚5:
443 4016 588 4085 principem
617 4035 670 4072 non
698 4018 786 4072 solum
810 4019 889 4072 orbis
907 4020 1017 4089 Romae,
1045 4021 1092 4074 sed
1110 4019 1197 4073 orbis-

141 4107 278 4161 terrerum.
