2782 4642
707 324 747 384 58

478 501 511 569 2.
535 498 703 581 vocabula,
729 499 840 581 ouibus
864 516 975 567 novam

420 608 686 692 eructuationem
702 607 862 692 'imposuit
883 608 1028 678 Velleius.

200 718 342 783 accedere
364 719 451 782 alerci
472 721 492 780 i.
517 739 545 802 q.
571 717 725 781 assentiri
746 718 852 781 alani:
877 718 1015 782 libenter
1039 719 1122 781 enim
1139 720 1189 801 iis,
1206 721 1264 803 qui

265 831 311 893 ita
333 829 554 912 prodiderunt,
576 828 762 890 accesserim
787 826 804 888 Ι
828 828 897 909 8,5.

198 939 301 1003 accire
323 936 434 1003 transl.
459 938 499 1000 de
517 938 615 1000 rebus
628 941 818 1018 usurpatur:
843 937 928 1019 regis
952 942 1061 1019 morte,
1086 958 1184 1019 quam
1206 939 1264 1002 1116

266 1048 461 1111 conscientia
485 1048 643 1109 acciverat
671 1045 705 1107 ΙΙ
730 1046 820 1127 38,6.
858 1081 898 1092 -ω
935 1045 1106 1111 Commode
1129 1045 1261 1112 Ruhnk.

267 1156 505 1220 laudavitFlor.
532 1155 579 1216 IV
604 1157 633 1233 2,
651 1156 689 1217 11
716 1153 772 1240 (z
785 1155 818 1217 Π
834 1155 883 1235 13,
895 1154 933 1216 71
959 1153 1092 1241 Halm.):
1118 1155 1214 1221 Cato.
1229 1205 1236 1219 .
1253 1207 1261 1221 .

268 1270 403 1329 mortem
427 1264 490 1328 sibi
513 1267 610 1328 etiam
632 1266 736 1328 laetus
752 1266 876 1328 accivit.
897 1263 1050 1327 —Multo
1065 1265 1264 1347 frequentior

266 1376 325 1437 hac
347 1376 381 1437 in
405 1392 439 1436 re
464 1378 512 1436 est
534 1373 653 1437 locutio
676 1379 809 1437 niortcrn
831 1393 994 1437 arcessere.

200 1511 293 1569 actas
315 1506 336 1568 i.
364 1525 393 1587 q.
418 1504 598 1587 nepotiani:
624 1506 755 1570 uirum.
778 1552 811 1567 ..
836 1509 911 1567 actu
928 1505 1037 1567 otiosis
1061 1505 1264 1568 simillimum

265 1613 299 1677 ΙΙ
326 1615 438 1695 127,4.
465 1651 506 1658 —
533 1614 628 1679 Auot.
650 1612 731 1675 Tull.
757 1614 790 1675 in
814 1612 888 1676 Sall.
916 1614 981 1688 1,1.

199 1725 322 1788 adicere
356 1744 494 1786 mancini
530 1742 606 1787 sane
641 1723 816 1785 insolenter
850 1724 967 1786 dicitur
999 1743 1056 1806 pro
1091 1722 1207 1805 afferre
1235 1744 1261 1788 s.

266 1833 386 1896 inicere
408 1853 564 1895 rnanarn:
598 1831 737 1895 Parthus
769 1832 950 1895 desciscens
978 1853 996 1895 a
1020 1834 1171 1896 societate
1193 1832 1261 1895 Ro-

268 1961 363 2004 mana
397 1941 513 2004 adiecit
544 1942 716 2004 Armeniae
748 1961 881 2003 manum
915 1941 947 2003 ll
973 1941 1045 2019 100,
1062 1944 1088 2006 1.
1123 1979 1166 1988 —
1189 1941 1263 2008 Val.

266 2049 354 2112 Max.
379 2048 445 2110 VII
470 2051 542 2130 5,4:
567 2049 652 2130 belli,
681 2051 735 2113 cui
759 2070 916 2114 summam
941 2071 1074 2114 manum
1098 2049 1133 2117 L.
1159 2050 1265 2115 Mum·

266 2161 352 2222 mins
376 2158 499 2221 adiecIt.

199 2268 364 2332 adsentari
383 2274 414 2332 et

200 2377 378 2441 adsentatio
401 2385 513 2441 contra
537 2379 701 2461 vulgarem
726 2381 842 2442 horum
865 2379 1037 2442 verborum
1062 2379 1265 2462 significatio·

267 2507 340 2550 nem
365 2488 398 2549 in
423 2487 539 2550 bonam
562 2494 684 2571 partem
709 2488 893 2572 accipienda
915 2494 991 2552 sunt
1006 2489 1045 2552 de
1061 2488 1263 2552 assensione:

268 2596 443 2679 Pompeius
470 2648 476 2661 .
504 2648 510 2660 .
539 2649 545 2661 .
571 2600 620 2678 iis,
645 2599 701 2680 qui
724 2617 742 2659 a
766 2597 898 2661 Caesare
934 2599 1139 2682 dimittendos
1171 2617 1265 2662 exer-

266 2707 351 2769 citus
375 2707 620 2788 contendebant,
653 2707 882 2770 adsentabatur
913 2705 996 2792 (opp.
1021 2705 1264 2790 adversabatur)

265 2814 297 2876 11
321 2816 373 2893 48,
389 2816 417 2877 1.
445 2851 486 2861 -
511 2818 566 2899 qui
591 2815 636 2878 M.
659 2816 761 2879 Tullio
785 2821 911 2879 tantum
934 2816 1085 2899 tribuere,
1108 2822 1145 2879 ut
1163 2836 1264 2900 paene

265 2924 485 2988 adsentatione
509 2945 569 2988 sua
593 2925 712 3007 quibus
737 2926 834 3013 vellet
856 2928 1056 3010 principatus
1080 2927 1265 2990 conciliaret

263 3033 297 3095 Π
323 3035 396 3115 128,
409 3035 438 3098 3.
562 3104 566 3112 ,

197 3143 368 3226 udsnrpcre
390 3143 501 3205 transl.
532 3143 662 3224 ponitur
695 3163 752 3225 pro
780 3145 964 3208 ascendere:
1000 3148 1033 3207 in
1062 3147 1263 3228 triumphum

265 3262 296 3316 et
319 3252 542 3336 pontificatum
559 3251 746 3334 adsurgeret
768 3253 803 3315 Il
827 3256 878 3332 51,
891 3257 920 3317 3.
946 3291 988 3300 -
1012 3254 1097 3318 Rara
1108 3256 1265 3338 loquendi

265 3363 375 3443 torma,
410 3362 503 3424 cuius
536 3362 720 3445 exemplum
754 3382 817 3425 non
851 3367 985 3447 repperi.
1021 3402 1062 3410 —
1092 3366 1129 3430 ol.
1154 3375 1263 3434 tamen

265 3475 361 3554 Verg.
389 3470 426 3534 G.
448 3470 498 3532 ΙΙΙ
523 3471 596 3533 1119.

196 3582 302 3645 Aeolii
325 3601 343 3643 a
366 3579 492 3643 Velleio
517 3581 621 3662 primo
645 3582 756 3645 Aeoles
781 3583 932 3646 dicuntur
954 3584 970 3647 Ι
995 3586 1023 3662 4,
1035 3586 1065 3646 4.
1088 3621 1131 3629 -
1153 3584 1264 3668 Pomp.

262 3688 336 3751 Mel.
363 3688 379 3749 I
403 3689 544 3770 90:25,
557 3689 585 3752 t.
613 3691 720 3755 Parth.
745 3692 785 3754 ab
797 3692 917 3755 Aeoliis
939 3691 1050 3777 (aeolis
1069 3693 1108 3755 A.
1127 3692 1164 3755 Β.
1184 3693 1263 3758 eolis

262 3796 293 3860 K
327 3796 353 3859 L
387 3796 440 3881 R).
500 3799 587 3862 Serv.
625 3800 664 3861 ad
700 3803 781 3863 Aen.
812 3799 860 3863 ΠΙ
889 3803 967 3864 445:
1002 3803 1107 3866 Aeolii
1134 3800 1263 3889 (acl'L

262 3908 360 3970 aeoles
383 3906 431 3992 Ε).
463 3944 504 3954 -
529 3911 577 3972 De
613 3910 765 3971 varietate
797 3911 831 3970 in
866 3911 964 3974 huius
995 3912 1107 3995 populi
1131 3913 1263 3975 nomine

264 4016 329 4078 vid.
356 4016 485 4080 Lachm.
512 4019 552 4080 ad
576 4017 670 4080 Luor.
687 4018 717 4078 V
743 4016 794 4081 85.
820 4017 862 4103 (p.
888 4019 975 4103 280),
1000 4022 1057 4104 qui
1073 4020 1178 4083 Aeolii
1198 4020 1262 4083 for-

264 4144 350 4187 mam
376 4127 461 4208 apud
481 4127 565 4191 11611.
590 4147 656 4189 non
688 4128 862 4211 ferendam,
886 4130 998 4192 sedin
1022 4129 1114 4192 Aeoli
1135 4136 1263 4192 mutan-
