2782 4642
669 299 709 361 26

161 498 234 541 cum
259 476 299 540 ad
324 477 542 540 exornandam
568 476 749 553 dictionem,
773 481 841 538 tum
867 481 904 539 ut
927 477 1053 539 acutius
1069 475 1225 559 proferret

162 588 361 666 sententiam,
386 606 483 650 nsum
508 604 588 649 esse.

268 695 350 758 Oum
374 703 482 758 autem
507 695 676 758 aliiillius
704 696 815 758 aetatis
851 695 1033 776 scriptores,
1065 703 1224 778 qnantum

162 807 238 884 scie,
261 805 300 868 de
324 805 556 867 allitteraticnis
580 823 644 867 usu
667 809 815 866 accurate
838 803 942 866 adhuc
958 822 1023 866 non
1039 805 1225 886 perlustrati

162 914 236 994 sint,
259 912 337 975 illud
364 933 467 976 unum
496 913 731 995 comparatione
766 912 935 995 diligenter
968 914 1051 976 facta
1085 918 1225 978 statuere

160 1041 291 1086 necesse
315 1027 363 1085 est
386 1025 462 1085 satis
486 1021 629 1102 habeam,
651 1019 813 1084 Velleinm
837 1022 1025 1099 historicum
1050 1041 1107 1105 pro
1130 1028 1224 1084 tenn-

161 1133 238 1195 itate
262 1131 408 1215 opusculi
431 1133 481 1194 sui
506 1131 761 1193 allitterationem
786 1150 851 1193 non
867 1132 976 1195 minus
994 1131 1105 1194 crebro
1129 1151 1225 1195 usur-

162 1259 258 1324 passe
283 1260 380 1322 qnam
405 1239 591 1303 Ciceronem
621 1238 814 1322 oratoreml)
870 1238 942 1303 Non
981 1241 1067 1303 enim
1103 1239 1226 1322 dubito,

162 1349 239 1430 quin
264 1348 298 1408 in
333 1366 562 1433 praeproperae
584 1347 798 1412 festinationis
830 1349 1110 1432 reprehensionem
1144 1350 1226 1411 inei-

164 1456 280 1539 derem,
320 1459 347 1520 si
382 1459 434 1521 hic
470 1458 624 1543 Velleiani
667 1459 794 1540 generis
834 1459 960 1521 dicendi
999 1459 1222 1541 proprietatem

160 1567 371 1646 investigasse
395 1573 426 1631 et
448 1567 728 1651 comprehendisse
752 1567 829 1629 mihi
854 1568 988 1632 viderer.

265 1675 355 1740 Haec
366 1674 435 1741 fere
446 1677 557 1759 habui,
566 1696 648 1760 quae
661 1677 699 1740 de
712 1679 866 1741 universo
877 1676 1225 1741 orationisVelleianae

160 1786 264 1849 colore
287 1783 438 1852 dicerem.
484 1786 581 1850 Nunc
603 1788 698 1849 renio
722 1788 762 1850 ad
786 1788 897 1870 sigula.

480 1947 504 2026 Ι.
536 1948 627 2028 Pars
657 1947 909 2048 etymologica.
999 1991 1000 1995 κ

267 2091 320 2152 Ad
343 2109 411 2152 rem
447 2092 548 2172 ipsam
584 2089 774 2172 aggrediens
809 2109 846 2152 ea
874 2090 952 2152 mihi
976 2090 1087 2152 videor
1119 2094 1223 2172 premi

162 2199 349 2263 difficultate
386 2198 474 2280 qued
502 2203 587 2261 certo
612 2201 687 2272 scie,
713 2198 799 2261 haud
822 2202 931 2283 magni
946 2201 1118 2282 plerosque
1137 2199 1225 2262 iudi·

162 2317 290 2372 caturos
330 2327 400 2372 esse
439 2309 660 2390 quaestionem
707 2309 950 2391 etymologicam
987 2310 1022 2370 in
1063 2309 1226 2391 scriptore,

162 2419 255 2481 caius
281 2437 362 2501 opus
389 2437 453 2480 une
477 2422 601 2480 tantum
625 2416 734 2480 codiee
770 2436 871 2501 eoque
901 2419 1164 2502 depravatissimo
1193 2426 1226 2482 et

165 2527 318 2591 omnibus
341 2533 481 2590 scatente
505 2527 593 2588 vitiis
616 2525 656 2588 ad
680 2545 738 2589 nos
754 2529 945 2608 pervenerit.
976 2527 1226 2591 Verumtamen

161 2642 336 2719 postquam
362 2638 547 2719 quaestione
572 2635 608 2697 ad
635 2634 731 2698 finem
757 2635 894 2698 adducta
918 2636 1157 2720 aliquantulum
1172 2657 1225 2702 me

162 2747 360 2827 praestitisse
384 2745 423 2807 ad
448 2745 728 2829 diligentissimum
752 2745 835 2808 illud
858 2743 989 2829 neuen)
1024 2767 1104 2831 epus
1128 2767 1225 2832 supp

161 2856 295 2918 lendum
318 2854 474 2935 intellexi,
498 2874 572 2916 cnm
589 2849 817 2940 Quintiliane)
840 2853 932 2917 ‘nihil
955 2857 990 2917 in
1014 2857 1130 2920 studiis
1153 2877 1225 2940 par·

162 2962 322 3027 vum'esse
345 2971 446 3045 ratus,
470 2982 552 3047 quae
580 2965 620 3025 ad
655 2963 909 3044 declinationem,
945 2968 1224 3048 comparationem,

162 3073 422 3155 coniugationem
446 3073 653 3154 pertinerent,
676 3092 694 3134 a
717 3074 860 3156 meipso
885 3075 1016 3138 collecta
1051 3076 1085 3137 in
1114 3077 1278 3181 lucem&

161 3182 301 3264 proferre
325 3200 424 3244 ausus
449 3201 531 3244 sum.
1279 3182 1283 3191 “

267 3290 331 3353 Eas
353 3292 453 3373 igitur
475 3290 603 3367 formas,
626 3292 659 3353 in
685 3291 806 3374 quibus
823 3291 991 3356 afferendis
1006 3292 1098 3358 Neue
1114 3293 1223 3357 Velle·

161 3402 231 3464 ium
247 3401 379 3464 laudare
396 3402 512 3481 emisit,
527 3401 587 3463 hoc
603 3398 719 3484 sign00,
736 3420 817 3483 quas
834 3421 910 3465 vero
927 3421 1058 3485 prorsus
1071 3401 1225 3485 neglexit,

161 3512 273 3573 ecdem
297 3512 389 3592 signo
412 3511 572 3592 geminato
595 3511 707 3592 putavi
731 3510 898 3574 notandas.

268 3740 295 3803 1)
314 3739 346 3793 ef.
366 3739 472 3794 Straub.
491 3741 508 3794 l.
528 3741 590 3808 lp.
611 3742 661 3794 131
681 3756 739 3808 sqq.
759 3770 792 3779 -
811 3740 836 3794 J.
856 3740 1003 3794 Theobaldi
1037 3741 1077 3793 ‘de
1101 3741 1222 3794 annomi-

161 3831 277 3884 nationis
296 3835 323 3885 et
342 3833 541 3886 allitterationis
561 3833 630 3900 apud
649 3830 702 3886 Cic.
716 3833 773 3885 nsu'
794 3833 1007 3887 dissertationem
1031 3832 1222 3901 (conamen)

159 3922 188 3974 in
206 3937 261 3975 rem
280 3939 367 3977 meam
387 3927 539 3978 convertere
556 3940 610 3977 non
629 3924 712 3992 potui.

267 4015 293 4075 21
313 4016 333 4068 F
354 4016 437 4079 Neue,
458 4015 587 4070 Formenl.
616 4017 663 4070 der
689 4017 736 4070 lat.
762 4014 820 4086 Spr.
843 4016 913 4071 Berl.
932 4015 1055 4070 121877.
1083 4014 1220 4069 1121875.

265 4106 291 4178 3)
312 4106 402 4173 Quint.
423 4107 448 4160 X
466 4107 545 4172 3‚31.
