2782 4642
668 339 712 406 98

229 545 252 588 r.
276 521 293 584 Ι
313 521 404 600 1,10.
439 521 536 584 Auct.
560 519 642 586 Tull.
676 521 811 586 iu'Sall.
837 523 864 603 l,
878 523 905 583 2.
935 521 1016 588 Vitr.
1040 522 1057 584 I
1082 522 1225 604 1‚16=

231 632 347 715 10,11.
370 629 408 696 R.
445 629 768 699 0110111304.
804 630 897 693 Pont.
921 630 970 693 IV
995 631 1088 713 1,51.
1156 674 1157 678 =

159 743 312 830 princeps
335 746 366 805 et

159 853 368 938 principatus
391 869 541 934 persaepe
564 869 613 931 ap.
638 847 803 912 Velleium
830 848 932 914 isdem
968 853 1065 934 atque
1098 850 1220 918 111010.

229 967 261 1026 et
284 961 374 1025 Caes.
398 959 490 1023 libris
514 957 803 1042 significationibus
823 959 986 1042 leguntur.
1033 957 1095 1023 Sed
1111 979 1224 1026 eversa

230 1091 264 1135 re
287 1070 416 1155 publica
434 1069 588 1152 princeps
610 1067 686 1130 iude
715 1067 754 1130 ab
779 1069 926 1152 Augusto
962 1070 1126 1134 sollemnis
1164 1073 1224 1136 im-

228 1185 412 1266 peratorum
436 1182 506 1243 erat
529 1177 654 1259 titulus,
680 1176 891 1261 principatus
925 1178 1090 1243 dicebatur
1120 1180 1223 1264 impe-

229 1291 320 1355 rium
337 1288 502 1374 parzapts
537 1286 587 1374 (ut
610 1307 628 1351 a
651 1285 774 1350 Velleio
809 1287 843 1352 H
867 1288 956 1368 89,6.
991 1288 1161 1372 11124‚2.
1188 1290 1223 1352 Π

232 1399 362 1485 129,1).
412 1398 493 1463 Cum
517 1402 623 1462 autem
646 1415 757 1460 omnes
781 1415 823 1460 ex
840 1397 961 1462 Velleio
984 1400 1080 1481 locos,
1103 1399 1219 1482 quibus

225 1511 380 1596 princeps
402 1529 486 1573 nova
513 1508 570 1572 illa
603 1511 758 1592 potestate
790 1507 917 1590 legitur,
952 1528 1124 1592 congerere
1156 1529 1221 1572 non

229 1624 315 1695 tunti¹
333 1623 383 1703 sit,
405 1620 581 1697 nonnullos
605 1618 717 1682 afferre
740 1619 817 1682 satis
840 1616 951 1700 habeo,
975 1620 1030 1701 qui
1050 1619 1223 1683 vocabulo·

228 1753 302 1795 rum
326 1731 523 1814 oppositione
547 1729 587 1792 ad
603 1731 759 1792 mutatam
774 1728 864 1791 vocis
879 1729 1045 1793 notionem
1060 1729 1223 1792 illustran-

206 1839 304 1901 dam
326 1839 470 1902 valeant:
496 1841 532 1900 ut
547 1837 663 1924 potius
686 1835 853 1918 aequalem
880 1836 981 1900 tieem
1015 1857 1112 1921 quam
1145 1840 1223 1901 emi-

228 1953 359 2011 nentem
381 1947 492 2011 liceret
515 1965 609 2030 agere
626 1943 812 2029 principem
834 1946 868 2009 H
886 1947 994 2030 124,2.
1017 1947 1120 2016 facere
1136 1953 1223 2014 recte

228 2055 308 2120 cinis
331 2075 406 2120 suos
424 2055 580 2140 princeps
604 2056 743 2138 optimus
766 2055 911 2121 faciendo
932 2057 1023 2122 docet
1049 2057 1221 2139 1112115.

227 2166 347 2230 iudicia
381 2165 520 2229 0111110111
554 2185 629 2229 cum
662 2166 792 2247 iudiciis
832 2166 992 2251 prirccrpr's
1032 2172 1154 2231 certant
1187 2169 1223 2233 ΙΙ

231 2276 346 2359 128,1.
394 2280 431 2339 ut
453 2280 580 2355 seronior
603 2279 634 2340 et
656 2275 762 2354 iodea,
798 2295 863 2339 non
895 2281 931 2340 ut
960 2277 1114 2362 princeps
1148 2298 1224 2341 cau-

230 2405 328 2450 sam.
355 2435 361 2450 .
388 2433 396 2450 .
432 2386 557 2449 audivit
587 2385 621 2448 Π
646 2387 718 2469 129,
730 2387 759 2452 2.
794 2423 838 2433 -
867 2386 1035 2471 principes
1069 2387 1225 2452 dicuntur

229 2499 399 2579 Augustus
434 2500 465 2559 et
496 2494 642 2560 Tiberius
676 2494 711 2558 ΙΙ
741 2496 857 2577 115,3;
894 2499 1113 2562 consentiente
1148 2518 1223 2562 oum

177 2590 180 2595 ⁴
229 2607 348 2670 iudicio
371 2607 553 2690 principum
577 2605 742 2669 voluntate
758 2611 896 2670 senatus,
920 2643 963 2652 —
986 2606 1136 2691 Denique
1158 2627 1226 2670 non

231 2716 472 2780 incommodum
495 2719 572 2799 puto
595 2715 682 2779 hunc
706 2715 888 2780 adscribere
911 2717 1031 2780 locum:
1057 2716 1225 2801 principes

233 2828 295 2890 viri
319 2878 326 2892 .
352 2877 358 2890 .
383 2873 391 2890 .
416 2825 584 2888 adhortatu
603 2825 770 2909 prinicipis
792 2823 961 2911 (Augusti)
984 2826 1024 2890 ad
1048 2815 1224 2890 ornandam

233 2936 347 3000 urbem
370 2936 479 2999 inlecti
503 2938 579 2999 sunt
601 2935 636 2997 Π
659 2937 711 3019 89,
723 2938 754 3000 4.

161 3047 257 3130 prior
278 3048 301 3110 i.
326 3067 353 3129 q.
372 3045 488 3129 potior,
517 3045 753 3127 praestantior:
786 3045 826 3108 ad
860 3047 1111 3129 consequendos,
1143 3067 1225 3129 quos

233 3157 356 3240 priores
391 3155 548 3238 ducimus,
582 3154 789 3219 accendimur
821 3155 838 3218 Ι
873 3155 964 3238 11,1.
1001 3159 1226 3240 potentiorque

235 3266 323 3330 habit
311 3270 365 3329 tus
388 3265 475 3347 prior
496 3264 532 3327 ΙΙ
556 3267 625 3347 33
659 3285 766 3349 neque
798 3268 886 3350 prius
917 3286 1024 3350 neque
1059 3269 1222 3350 antiquius

236 3377 413 3461 quidquam
436 3374 789 3460 habuit11152,4.—
813 3375 888 3443 Sall.
913 3376 1038 3460 Poetae
1061 3376 1128 3440 liv.

234 3487 359 3551 Deinde
377 3488 473 3571 prior
494 3486 605 3569 paullo
628 3486 861 3551 insolentiusi.
840 3506 912 3550 rs
930 3507 959 3570 q.
976 3489 1078 3551 maior
1099 3489 1193 3571 (natu
1171 3485 1224 3570 uz)

233 3598 395 3680 potentiae
427 3595 647 3660 Romanorum
680 3598 767 3680 prior
801 3594 905 3680 Scipio
934 3597 1020 3659 viam
1049 3600 1225 3679 aperuerat,

232 3707 382 3770 luxuriae
404 3710 477 3790 post
478 3707 561 3770 orior
584 3708 707 3790 aperuit
694 3707 804 3787 1,111
817 3708 845 3772 1
869 3708 955 3790 prior
978 3704 1225 3787 filiusllgranis

232 3816 385 3895 1131,3
421 3816 578 3900 —N.ep
601 3815 633 3879 X
660 3816 731 3899 1,3;
768 3816 946 3900 Dionysius
969 3818 1093 3901 prior.-
1114 3813 1223 3890 Quint.

231 3926 282 3989 ΙΙΙ
305 3925 334 4009 8,
347 3927 403 3989 31;
428 3924 533 4009 Scipio
556 3928 651 4010 prior
674 3926 717 3991 id
741 3925 792 3991 XI
818 3927 912 4011 1,12;
937 3928 1024 4011 prior
1039 3925 1222 3989 Africanus

160 4055 308 4118 promere
330 4056 386 4119 pro
411 4057 563 4120 reponere
571 4057 586 4099 .·
619 4056 728 4101 rerum
764 4038 841 4102 ordo
870 4057 945 4102 cum
968 4039 1063 4101 iustis
1087 4038 1224 4100 aliorum

224 4145 451 4209 ,voluminibus
473 4151 648 4230 promatur,
681 4154 761 4231 tum,
784 4150 832 4212 uti
856 4166 958 4232 spero,
980 4150 1098 4212 nostris
1122 4148 1225 4231 expli-
