2782 4642
671 306 712 368 75

586 395 800 405 ιι*-

229 480 264 546 Π
287 486 338 566 52,
352 485 380 549 3.
406 521 449 532 —
472 482 552 546 Hor.
577 481 648 565 Epi.
671 483 779 564 Izi:
802 481 935 546 Graecia
956 481 1123 546 barbariae
1138 484 1225 546 lento

228 593 340 656 collisa
364 593 481 656 duello.
496 628 541 659 -,-
553 584 680 656 ‘Graeci
696 594 818 656 centies
832 592 877 655 ita
892 592 1005 656 dicunt
1020 584 1223 677 συγκρούεινῖ

228 698 358 762 Ruhnk.

162 807 419 892 teonspicuus:
452 811 604 874 virtutem
628 809 671 875 M.
697 809 826 874 Catonis
849 811 914 873 iam
936 810 1048 874 multis
1072 811 1105 873 in
1128 810 1226 873 rebus

231 919 438 1001 conspicuam
467 924 564 1003 atque
589 921 824 1003 praenitentem
852 919 1003 1001 1135‚1.
1036 957 1078 964 —
1113 918 1225 984 Liui
1274 995 1277 1001 Ι

231 1025 344 1108 3111.

163 1122 362 1219 1111111111.
394 1158 422 1220 q.
459 1136 569 1202 castis:
608 1138 752 1222 deposita
786 1142 875 1202 veste
909 1137 999 1222 regia
1032 1136 1225 1218 pastoralem

229 1247 353 1309 cultum
371 1246 479 1308 induit
501 1246 518 1309 Ι
542 1247 571 1328 2,
585 1247 614 1312 1.
639 1284 681 1293 —
705 1247 738 1311 Il
761 1249 855 1329 40,4.
890 1246 923 1309 ΙΙ
950 1246 1065 1326 roal.

160 1353 374 1438 Metrodoro:
410 1355 606 1419 debellatum
640 1365 689 1419 est
722 1358 809 1440 apud
842 1358 974 1420 Actium
1001 1355 1035 1418 11
1059 1355 1154 1435 sar.
1182 1391 1225 1399 —

171 1459 172 1462 ’
227 1464 265 1528 cf.
290 1462 432 1529 Laden.⁷
454 1465 495 1526 ad
518 1463 614 1546 Verg.
639 1465 716 1528 Aen.
742 1465 771 1524 V
796 1464 870 1528 731.

160 1574 273 1656 deflere
296 1578 345 1637 est
368 1593 443 1636 cam
465 1572 544 1654 fletu
567 1592 737 1636 enarrare:
762 1574 907 1637 ordinem
931 1572 1150 1635 atrocissimae
1173 1591 1222 1634 ca·

121 1754 125 1758 .
228 1683 384 1746 lamitatis
528 1681 718 1744 conabimur
751 1701 924 1765 exponere:
969 1700 1059 1744 nunc
1098 1701 1225 1745 summa

97 1777 100 1783 ’
230 1791 378 1855 deflenda
400 1795 449 1854 est
471 1789 504 1852 H
531 1790 644 1872 119,1.
668 1828 712 1836 —
735 1791 831 1874 Verg.
856 1791 938 1854 Aen.
960 1789 1012 1852 XI
1035 1791 1088 1854 59.

162 1900 297 1982 deperdet
318 1920 375 1983 pro
393 1900 495 1984 pudet
517 1904 705 1984 usurpatur:
741 1920 816 1964 cum
852 1919 926 1963 eum
953 1918 1018 1962 non
1042 1899 1226 1982 depuderet‚

231 2009 432 2072 vindicabam
456 2010 554 2072 annis
577 2028 614 2072 ac
638 2009 737 2073 ductu
761 2011 859 2094 patris
883 2010 935 2073 sui
958 2028 1047 2072 mare
1074 2009 1226 2072 infestare

228 2120 370 2202 piraticis
394 2118 569 2183 sceleribus
603 2117 636 2182 Π
661 2120 711 2201 73,
724 2121 754 2184 3.
780 2118 986 2201 —Georges
1014 2139 1044 2201 p.
1073 2117 1115 2180 42
1151 2137 1226 2181 cum

227 2227 379 2292 omnibus
412 2210 649 2311 lexicog‘raphis
684 2231 792 2293 nescio
828 2249 925 2312 quam
963 2230 1154 2309 elegantiam
1191 2229 1225 2290 in

231 2337 335 2400 Vellei
369 2337 477 2402 verbis
512 2341 696 2422 suspicatus
719 2339 853 2421 deperdet
876 2339 906 2401 h.
932 2339 952 2400 l.
980 2337 1118 2418 diciprn
1137 2335 1227 2398 'ocldc

221 2447 324 2530 pudet
357 2447 506 2511 affirmat.
538 2482 581 2494 -
618 2446 785 2510 Contraria
821 2446 926 2530 signif.
962 2444 1096 2528 deperdet
1123 2449 1227 2507 exstat

228 2554 288 2621 Ov.
312 2554 389 2622 Her.
415 2555 523 2633 4,155
557 2562 589 2619 et
611 2554 683 2619 Sen.
708 2560 807 2618 const.
832 2575 896 2637 sap.
923 2554 973 2635 ll,
988 2555 1037 2618 13.

161 2666 185 2749 †
209 2664 343 2729 disicere
365 2667 475 2731 transl.
500 2665 606 2750 signif.
631 2665 762 2747 legitur:
789 2666 835 2727 sic
858 2665 1082 2746 cogitationem
1105 2662 1226 2743 regiam

228 2772 372 2837 Romana
406 2777 531 2839 disiecit
566 2774 745 2838 constantia
775 2772 792 2834 I
817 2774 867 2854 10,
880 2774 910 2836 2.
945 2809 988 2819 —
1023 2772 1120 2854 Verg.
1145 2770 1227 2834 Aen.

228 2881 295 2945 VII
319 2885 397 2946 339:
423 2885 520 2948 disice
544 2885 752 2966 compositam
771 2901 891 2965 pacem.
923 2881 991 2945 mv.
1012 2881 1112 2945 XXV
1129 2883 1180 2962 24,
1194 2881 1226 2942 3:

228 2993 362 3055 consilia
386 2992 477 3055 ducis
501 3041 507 3054 .
532 3043 539 3057 .
566 3041 573 3054 .
599 2994 719 3056 clamor
740 2992 880 3055 militum
905 3041 912 3057 .
937 3041 945 3058 .
971 3043 977 3056 .
1004 2992 1138 3059 disiecit.

161 3103 218 3162 dos
240 3101 262 3163 i.
288 3121 317 3183 q.
343 3100 472 3180 donam,
496 3100 620 3164 cr'rtus:
648 3101 798 3164 omnibus
822 3100 898 3165 belli
921 3121 957 3163 ac
981 3106 1074 3185 togae
1098 3103 1227 3166 dotibus

228 3209 321 3291 112,
336 3212 365 3273 3.

161 3318 328 3401 †durore
350 3321 369 3382 1.
394 3340 420 3384 3.
445 3341 474 3404 q.
496 3340 708 3404 permanere:
733 3321 811 3383 adeo
828 3320 937 3384 odium
963 3372 970 3385 .
995 3369 1004 3386 .
1028 3370 1036 3386 .
1059 3322 1145 3384 ultra
1160 3339 1227 3384 me-

228 3435 300 3492 tum
325 3430 419 3495 durat
441 3430 460 3494 I
477 3431 527 3509 12,
544 3432 573 3494 7.
604 3431 639 3492 11
662 3434 789 3493 tantum
814 3429 942 3492 duravit
959 3430 1067 3492 odium
1084 3429 1117 3490 Il
1132 3430 1181 3508 79,
1196 3428 1228 3493 6.

227 3540 292 3602 11113
315 3541 351 3602 11
374 3541 509 3622 longum
533 3589 541 3604 .
570 3588 577 3604 .
602 3590 608 3602 .
631 3539 803 3602 fortissime
823 3539 992 3621 pugnandi
1009 3538 1136 3600 duravit
1151 3557 1227 3600 con-

229 3651 344 3712 stantia
368 3649 402 3712 II
426 3650 478 3726 85,
491 3650 521 3714 4.
548 3685 589 3696 -
614 3647 680 3713 Liv.
704 3648 721 3710 1
747 3649 827 3728 9‚2:
852 3647 993 3710 hominis
1018 3650 1152 3710 aetatem
1169 3647 1227 3710 (11-

230 3766 337 3821 ratura
361 3759 549 3841 magnitudo
573 3763 648 3821 erat.

163 3865 340 3949 eloquiam:
377 3867 420 3930 11.
448 3865 575 3931 Caclius
610 3867 659 3928 vir
682 3865 809 3946 eloquio
833 3865 1006 3947 animoque
1030 3863 1162 3927 Curioni
1186 3866 1228 3927 si·

229 3976 384 4040 millimus
407 3976 441 4038 Il
465 3976 515 4056 68,
529 3978 558 4040 1.

163 4081 368 4172 †l}elactorz'll:
395 4086 504 4149 odium
529 4085 698 4149 clementia
722 4083 879 4146 eluctatus
904 4081 977 4168 (dtu
992 4085 1130 4146 lactatus
1146 4083 1173 4144 A
1188 4080 1227 4166 P)
