2782 4642
683 291 723 352 52

171 472 322 537 Conferas
344 469 439 533 velim
465 469 605 550 exempli
630 487 728 532 causa
763 488 845 550 quae
879 470 918 533 de
947 469 1081 532 vocibus
1108 469 1235 553 priores

169 583 213 665 (p.
240 579 294 663 11)
314 597 379 661 por
402 579 446 660 (p.
473 577 528 660 30)
552 582 643 640 oetas
674 575 719 662 (p.
745 575 805 662 31)
838 578 892 641 1119
928 579 1101 642 adnotavit.
1144 579 1232 643 Haeo

170 708 267 771 quam
291 688 395 750 aliena
419 688 484 751 sint
507 707 525 748 a.
548 705 623 749 vero
647 688 700 749 hic
724 687 887 769 disputare
911 688 992 750 nihil
1016 689 1139 752 attinet.

274 796 388 880 Neque
412 797 614 859 commodum
639 802 696 859 aut
718 797 935 860 necessarium
961 798 1039 859 mihi
1053 798 1161 860 visum
1177 806 1233 875 est,

169 904 302 989 Georgis
326 907 472 988 exemplo
495 904 654 967 vocabula
685 907 755 988 ipsa
784 907 1016 989 notionumque
1040 909 1234 970 mutationes

168 1016 358 1080 testimoniis
386 1034 428 1078 ex
464 1014 674 1096 scriptoribus
709 1014 831 1079 Velleio
867 1021 969 1080 aetate
1002 1015 1233 1100 posterioribus

168 1127 337 1209 congestis
363 1144 447 1207 quae
471 1124 639 1187 cumulare
673 1124 754 1186 nihil
789 1128 909 1208 negotii
942 1131 998 1207 est,
1033 1125 1231 1190 confirmare.

168 1236 271 1297 Immo
296 1237 331 1297 in
356 1235 491 1317 singulis
515 1233 622 1296 verbis
645 1234 887 1315 pertractandis
911 1235 967 1298 ubi
983 1237 1156 1311 neminem,
1176 1237 1232 1318 qui

167 1349 239 1426 post
262 1343 426 1406 Velleium
449 1343 568 1426 pariter
592 1348 688 1426 atque
720 1345 788 1426 ipse
820 1343 966 1407 Velleius
990 1345 1116 1408 locutus
1140 1350 1232 1426 esset,

167 1471 379 1536 reppereram,
403 1453 436 1515 id
459 1455 565 1535 ipsum
590 1454 703 1535 paucis
728 1452 880 1515 adnotare
904 1455 980 1516 satis
1005 1454 1171 1517 habebam.

273 1584 343 1646 Iam
368 1588 478 1662 restat,
504 1588 539 1645 ut
563 1601 748 1645 enumerem
773 1583 929 1646 editiones
954 1583 1126 1646 verborum
1147 1585 1232 1646 indi-

167 1692 260 1756 cibus
282 1695 458 1756 iustructas
482 1697 513 1755 et
536 1692 640 1755 lexico
664 1692 704 1754 atl
722 1693 867 1775 singulos
881 1694 1050 1776 scriptores
1066 1694 1230 1776 speciatim

167 1802 305 1883 condita,
330 1803 470 1884 quaein
496 1801 547 1864 his
571 1801 1134 1884 conscribendispraeterForcellini
1149 1799 1229 1886 (cur.

166 1911 259 1974 Vino.
272 1910 391 1987 de-Vit,
405 1911 492 1974 Preti
507 1909 737 1996 1860-1815)
750 1910 881 1993 Georgis
894 1909 1030 1996 (Leipzr
1043 1911 1231 1998 1819-80)

165 2019 284 2082 Klotaii
307 2018 531 2103 (Braunschw.
554 2017 670 2105 51811)
693 2020 863 2083 thesauros
887 2021 966 2082 mihi
984 2023 1059 2085 usui
1081 2022 1227 2085 fuerunt:

166 2129 276 2193 Scaen.
300 2128 434 2191 Roman.
458 2146 544 2210 poes.
568 2128 681 2212 fragm.
706 2127 1228 2213 199011111991,1119921811.

327 2237 420 2300 1813.

166 2347 431 2423 9991119119,
457 2347 524 2408 rell.
550 2347 735 2410 -119991
768 2345 825 2409 On.
858 2345 961 2410 Naevi
993 2347 1070 2412 belli
1094 2349 1225 2412 Poenici

325 2476 408 2540 quae
432 2461 613 2540 supersunt.
663 2457 746 2520 Adn.
770 2455 805 2519 L.
829 2456 972 2537 Mueller,
986 2456 1111 2542 Petrop.
1128 2460 1223 2522 1885.

165 2567 269 2631 Plaut.
294 2566 334 2629 ed
358 2565 411 2628 Oh.
426 2564 541 2646 Weise,
565 2564 740 2641 Quedlinb.
767 2567 863 2630 1831.
889 2567 984 2631 1838.

164 2676 285 2739 Terent.
310 2676 360 2739 ed.
383 2673 529 2756 Bentley,
552 2675 638 2758 Lips.
663 2673 719 2736 217
725 2676 775 2739 91.

163 2783 304 2847 Harderi
326 2784 426 2847 index
449 2783 644 2867 Lucilianus,
668 2786 775 2849 Berol.
803 2784 896 2846 1818.

164 2893 258 2958 Luor.
282 2893 332 2957 ed.
355 2892 548 2976 Eichstaedt,
571 2895 656 2977 Lips.
681 2894 778 2956 1801.

164 3004 228 3067 Cat.
253 3005 302 3067 ed.
327 3001 703 3085 sillig,G0tnng.1823.

164 3114 201 3178 G.
226 3115 266 3179 A.
290 3112 395 3177 Koch:
428 3111 608 3176 Vollstalnrl.
633 3110 791 3175 Whrterb.
816 3112 942 3174 auden
967 3110 1142 3174 Gedichten
1167 3111 1224 3173 des

321 3222 496 3304 Vergilius,
520 3221 626 3284 Hann.
650 3217 764 3284 61885.

163 3331 194 3395 O.
219 3331 469 3416 Zangemeisteri
492 3332 592 3393 index
614 3331 649 3392 in
672 3329 794 3412 Horat,
817 3330 921 3394 Berol.
951 3330 1046 3394 1819.

161 3441 226 3504 Tib.
251 3443 300 3505 91.
323 3441 591 3521 Brouchhuysen,
614 3441 745 3504 Amstel.
771 3439 867 3501 1108.

163 3550 256 3634 Prop.
282 3551 329 3613 91.
353 3548 502 3630 Kuinoel,
525 3547 611 3631 Lips.
637 3550 732 3612 1805.

162 3658 219 3725 Or.
244 3660 293 3723 91.
317 3659 387 3723 Nic.
411 3659 565 3723 Heinsius
589 3658 743 3739 (iudicem
769 3658 939 3721 verborum
963 3657 1079 3722 adiecit
1094 3657 1222 3721 Fische-

320 3768 388 3854 rus)
412 3767 495 3851 Lips.
522 3768 617 3832 1158.

160 3879 302 3943 Eichert:
327 3877 506 3943 Vollstiind.
525 3877 685 3940 Worterb.
709 3897 751 3939 zu
775 3877 836 3941 den
853 3877 1037 3941 Veruandl.
1054 3876 1110 3939 des
1126 3873 1220 3956 Ovid,

319 3987 430 4051 Hann.
454 3984 566 4049 91886.

161 4097 271 4162 Manil.
295 4117 355 4161 ree.
380 4095 490 4174 Jacob,
512 4096 617 4159 Berol.
646 4095 740 4158 1846.
