<?xml version="1.0" encoding="UTF-8"?>
<!DOCTYPE html PUBLIC "-//W3C//DTD XHTML 1.0 Transitional//EN"
    "http://www.w3.org/TR/xhtml1/DTD/xhtml1-transitional.dtd">
<html xmlns="http://www.w3.org/1999/xhtml" xml:lang="en" lang="en">
 <head>
  <title>
</title>
<meta http-equiv="Content-Type" content="text/html;charset=utf-8" />
  <meta name='ocr-system' content='tesseract 3.04.00' />
  <meta name='ocr-capabilities' content='ocr_page ocr_carea ocr_par ocr_line ocrx_word'/>
</head>
<body>
  <div class='ocr_page' id='page_1' title='image "./develleipatercu00milkgoog_0015.png"; bbox 0 0 2782 4642; ppageno 0'>
   <div class='ocr_carea' id='block_1_1' title="bbox 728 350 746 410">
    <p class='ocr_par' dir='ltr' id='par_1_1' title="bbox 728 350 746 410">
     <span class='ocr_line' id='line_1_1' title="bbox 728 350 746 410; baseline 0 0"><span class='ocrx_word' id='word_1_1' title='bbox 728 350 746 410; x_wconf 91' lang='grc'><strong>6</strong></span> 
     </span>
    </p>
   </div>
   <div class='ocr_carea' id='block_1_2' title="bbox 152 525 1275 3017">
    <p class='ocr_par' dir='ltr' id='par_1_2' title="bbox 209 525 1270 720">
     <span class='ocr_line' id='line_1_2' title="bbox 209 525 1270 612; baseline 0.004 -22"><span class='ocrx_word' id='word_1_2' title='bbox 209 527 388 590; x_wconf 74' lang='lat' dir='ltr'>horrendas</span> <span class='ocrx_word' id='word_1_3' title='bbox 415 546 472 610; x_wconf 89' lang='lat' dir='ltr'>pro</span> <span class='ocrx_word' id='word_1_4' title='bbox 495 526 644 590; x_wconf 73' lang='lat' dir='ltr'><em>horribili</em></span> <span class='ocrx_word' id='word_1_5' title='bbox 672 525 748 612; x_wconf 69' lang='lat' dir='ltr'>(cie.</span> <span class='ocrx_word' id='word_1_6' title='bbox 772 526 863 591; x_wconf 88' lang='lat' dir='ltr'>Tusc.</span> <span class='ocrx_word' id='word_1_7' title='bbox 894 527 928 589; x_wconf 90' lang='lat' dir='ltr'>II</span> <span class='ocrx_word' id='word_1_8' title='bbox 954 529 1022 608; x_wconf 77' lang='lat'>1,‘.&gt;·.</span> <span class='ocrx_word' id='word_1_9' title='bbox 1048 528 1112 592; x_wconf 75' lang='lat' dir='ltr'>[dv.</span> <span class='ocrx_word' id='word_1_10' title='bbox 1137 529 1153 591; x_wconf 90' lang='grc' dir='ltr'>Ι</span> <span class='ocrx_word' id='word_1_11' title='bbox 1178 531 1229 607; x_wconf 84' lang='grc'>26,</span> <span class='ocrx_word' id='word_1_12' title='bbox 1241 531 1270 596; x_wconf 89' lang='grc'>6.</span> 
     </span>
     <span class='ocr_line' id='line_1_3' title="bbox 367 634 549 720; baseline 0.022 -24"><span class='ocrx_word' id='word_1_13' title='bbox 367 634 418 698; x_wconf 88' lang='lat' dir='ltr'>IX</span> <span class='ocrx_word' id='word_1_14' title='bbox 443 635 493 713; x_wconf 81' lang='lat'>36,</span> <span class='ocrx_word' id='word_1_15' title='bbox 506 634 549 720; x_wconf 88' lang='lat'>1).</span> 
     </span>
    </p>

    <p class='ocr_par' dir='ltr' id='par_1_3' title="bbox 208 744 1089 832">
     <span class='ocr_line' id='line_1_4' title="bbox 208 744 1089 832; baseline 0.002 -24"><span class='ocrx_word' id='word_1_16' title='bbox 208 745 331 808; x_wconf 76' lang='lat' dir='ltr'>obsitam</span> <span class='ocrx_word' id='word_1_17' title='bbox 354 746 463 809; x_wconf 90' lang='lat' dir='ltr'>transl.</span> <span class='ocrx_word' id='word_1_18' title='bbox 491 752 538 809; x_wconf 88' lang='lat' dir='ltr'>est</span> <span class='ocrx_word' id='word_1_19' title='bbox 561 751 658 808; x_wconf 81' lang='lat' dir='ltr'>iectus</span> <span class='ocrx_word' id='word_1_20' title='bbox 681 745 761 829; x_wconf 85' lang='lat' dir='ltr'>(Liv.</span> <span class='ocrx_word' id='word_1_21' title='bbox 785 745 801 807; x_wconf 90' lang='grc' dir='ltr'>Ι</span> <span class='ocrx_word' id='word_1_22' title='bbox 827 746 910 818; x_wconf 60' lang='lat' dir='ltr'>III</span> <span class='ocrx_word' id='word_1_23' title='bbox 937 744 1089 832; x_wconf 86' lang='lat' dir='ltr'>saepius).</span> 
     </span>
    </p>

    <p class='ocr_par' dir='ltr' id='par_1_4' title="bbox 204 853 738 940">
     <span class='ocr_line' id='line_1_5' title="bbox 204 853 738 940; baseline 0.002 -24"><span class='ocrx_word' id='word_1_24' title='bbox 204 854 327 936; x_wconf 75' lang='lat' dir='ltr'>paratim</span> <span class='ocrx_word' id='word_1_25' title='bbox 351 854 431 936; x_wconf 87' lang='lat' dir='ltr'>(Liv.</span> <span class='ocrx_word' id='word_1_26' title='bbox 457 853 608 919; x_wconf 83' lang='lat' dir='ltr'>XXVIII</span> <span class='ocrx_word' id='word_1_27' title='bbox 633 856 683 934; x_wconf 84' lang='lat'>20,</span> <span class='ocrx_word' id='word_1_28' title='bbox 698 853 738 940; x_wconf 83' lang='lat'>3).</span> 
     </span>
    </p>

    <p class='ocr_par' dir='ltr' id='par_1_5' title="bbox 209 961 997 1047">
     <span class='ocr_line' id='line_1_6' title="bbox 209 961 997 1047; baseline -0.004 -20"><span class='ocrx_word' id='word_1_29' title='bbox 209 965 413 1028; x_wconf 69' lang='lat' dir='ltr'>secundari.</span> <span class='ocrx_word' id='word_1_30' title='bbox 439 985 468 1046; x_wconf 90' lang='lat' dir='ltr'>q.</span> <span class='ocrx_word' id='word_1_31' title='bbox 493 963 631 1045; x_wconf 80' lang='lat' dir='ltr'>inferior</span> <span class='ocrx_word' id='word_1_32' title='bbox 652 961 734 1047; x_wconf 77' lang='lat' dir='ltr'>(niv.</span> <span class='ocrx_word' id='word_1_33' title='bbox 758 962 878 1027; x_wconf 85' lang='lat' dir='ltr'>XXIII</span> <span class='ocrx_word' id='word_1_34' title='bbox 903 962 997 1046; x_wconf 82' lang='lat' dir='ltr'>10,l)</span> 
     </span>
    </p>

    <p class='ocr_par' dir='ltr' id='par_1_6' title="bbox 210 1073 1273 1376">
     <span class='ocr_line' id='line_1_7' title="bbox 315 1073 1272 1156; baseline 0.001 -20"><span class='ocrx_word' id='word_1_35' title='bbox 315 1073 341 1136; x_wconf 82' lang='lat' dir='ltr'>n</span> <span class='ocrx_word' id='word_1_36' title='bbox 377 1075 536 1136; x_wconf 88' lang='lat' dir='ltr'>contrario</span> <span class='ocrx_word' id='word_1_37' title='bbox 573 1075 710 1156; x_wconf 88' lang='lat' dir='ltr'>denique</span> <span class='ocrx_word' id='word_1_38' title='bbox 737 1073 830 1136; x_wconf 81' lang='lat' dir='ltr'>Felix</span> <span class='ocrx_word' id='word_1_39' title='bbox 864 1075 1007 1156; x_wconf 77' lang='lat' dir='ltr'>neglexit</span> <span class='ocrx_word' id='word_1_40' title='bbox 1040 1074 1172 1137; x_wconf 83' lang='lat' dir='ltr'>totidem</span> <span class='ocrx_word' id='word_1_41' title='bbox 1207 1075 1272 1138; x_wconf 88' lang='lat' dir='ltr'>fere</span> 
     </span>
     <span class='ocr_line' id='line_1_8' title="bbox 210 1182 1273 1266; baseline 0 -22"><span class='ocrx_word' id='word_1_42' title='bbox 210 1202 327 1264; x_wconf 77' lang='lat' dir='ltr'>rocca,</span> <span class='ocrx_word' id='word_1_43' title='bbox 366 1203 447 1266; x_wconf 89' lang='lat' dir='ltr'>quas</span> <span class='ocrx_word' id='word_1_44' title='bbox 480 1182 641 1245; x_wconf 90' lang='lat' dir='ltr'>Velleium</span> <span class='ocrx_word' id='word_1_45' title='bbox 677 1202 695 1243; x_wconf 90' lang='lat' dir='ltr'>a</span> <span class='ocrx_word' id='word_1_46' title='bbox 729 1183 829 1264; x_wconf 89' lang='lat' dir='ltr'>poetis</span> <span class='ocrx_word' id='word_1_47' title='bbox 869 1183 1098 1266; x_wconf 64' lang='lat' dir='ltr'>desumpsisse⁴</span> <span class='ocrx_word' id='word_1_48' title='bbox 1119 1185 1187 1246; x_wconf 89' lang='lat' dir='ltr'>veri</span> <span class='ocrx_word' id='word_1_49' title='bbox 1226 1187 1273 1246; x_wconf 89' lang='lat' dir='ltr'>est</span> 
     </span>
     <span class='ocr_line' id='line_1_9' title="bbox 211 1291 1272 1376; baseline 0 -20"><span class='ocrx_word' id='word_1_50' title='bbox 211 1294 411 1356; x_wconf 84' lang='lat' dir='ltr'>simillimum</span> <span class='ocrx_word' id='word_1_51' title='bbox 436 1310 583 1376; x_wconf 90' lang='lat' dir='ltr'>quasque</span> <span class='ocrx_word' id='word_1_52' title='bbox 608 1311 649 1354; x_wconf 83' lang='lat' dir='ltr'>ex</span> <span class='ocrx_word' id='word_1_53' title='bbox 673 1291 777 1353; x_wconf 88' lang='lat' dir='ltr'>indice</span> <span class='ocrx_word' id='word_1_54' title='bbox 802 1311 872 1355; x_wconf 91' lang='lat' dir='ltr'>meo</span> <span class='ocrx_word' id='word_1_55' title='bbox 901 1299 1044 1375; x_wconf 90' lang='lat' dir='ltr'>repetere</span> <span class='ocrx_word' id='word_1_56' title='bbox 1068 1293 1272 1375; x_wconf 77' lang='lat' dir='ltr'>supersedeo</span> 
     </span>
    </p>

    <p class='ocr_par' dir='ltr' id='par_1_7' title="bbox 152 1400 1275 3017">
     <span class='ocr_line' id='line_1_10' title="bbox 317 1400 1274 1466; baseline 0.001 -3"><span class='ocrx_word' id='word_1_57' title='bbox 317 1401 447 1466; x_wconf 85' lang='lat' dir='ltr'><em>Possint</em></span> <span class='ocrx_word' id='word_1_58' title='bbox 469 1403 532 1464; x_wconf 91' lang='lat' dir='ltr'>iam</span> <span class='ocrx_word' id='word_1_59' title='bbox 557 1403 634 1464; x_wconf 90' lang='lat' dir='ltr'>haec</span> <span class='ocrx_word' id='word_1_60' title='bbox 669 1400 817 1464; x_wconf 89' lang='lat' dir='ltr'>sufficere</span> <span class='ocrx_word' id='word_1_61' title='bbox 841 1403 880 1464; x_wconf 90' lang='lat' dir='ltr'>ad</span> <span class='ocrx_word' id='word_1_62' title='bbox 904 1408 1002 1465; x_wconf 90' lang='lat' dir='ltr'>totam</span> <span class='ocrx_word' id='word_1_63' title='bbox 1034 1404 1274 1465; x_wconf 86' lang='lat' dir='ltr'>commentatio·</span> 
     </span>
     <span class='ocr_line' id='line_1_11' title="bbox 152 1511 1274 1594; baseline 0 -22"><span class='ocrx_word' id='word_1_64' title='bbox 152 1556 155 1561; x_wconf 81' lang='lat'>-</span> <span class='ocrx_word' id='word_1_65' title='bbox 210 1529 283 1573; x_wconf 91' lang='lat' dir='ltr'>nem</span> <span class='ocrx_word' id='word_1_66' title='bbox 309 1512 495 1591; x_wconf 81' lang='lat' dir='ltr'>notandam3</span> <span class='ocrx_word' id='word_1_67' title='bbox 521 1532 597 1575; x_wconf 89' lang='lat' dir='ltr'>nam</span> <span class='ocrx_word' id='word_1_68' title='bbox 619 1512 740 1574; x_wconf 89' lang='lat' dir='ltr'>leviora</span> <span class='ocrx_word' id='word_1_69' title='bbox 763 1511 818 1573; x_wconf 88' lang='lat' dir='ltr'>illa</span> <span class='ocrx_word' id='word_1_70' title='bbox 841 1517 1015 1594; x_wconf 83' lang='lat' dir='ltr'>praeterae,</span> <span class='ocrx_word' id='word_1_71' title='bbox 1043 1511 1129 1594; x_wconf 90' lang='lat' dir='ltr'>quod</span> <span class='ocrx_word' id='word_1_72' title='bbox 1153 1513 1186 1573; x_wconf 92' lang='lat' dir='ltr'>in</span> <span class='ocrx_word' id='word_1_73' title='bbox 1210 1512 1274 1574; x_wconf 89' lang='lat' dir='ltr'>sin-</span> 
     </span>
     <span class='ocr_line' id='line_1_12' title="bbox 210 1601 1273 1703; baseline -0.001 -21"><span class='ocrx_word' id='word_1_74' title='bbox 210 1620 296 1703; x_wconf 89' lang='lat' dir='ltr'>gulis</span> <span class='ocrx_word' id='word_1_75' title='bbox 319 1620 486 1683; x_wconf 86' lang='lat' dir='ltr'>vocabulis</span> <span class='ocrx_word' id='word_1_76' title='bbox 509 1621 738 1702; x_wconf 78' lang='lat' dir='ltr'>pertractandis</span> <span class='ocrx_word' id='word_1_77' title='bbox 756 1601 847 1683; x_wconf 90' lang='lat' dir='ltr'>locos</span> <span class='ocrx_word' id='word_1_78' title='bbox 870 1621 1056 1685; x_wconf 86' lang='lat' dir='ltr'>Velleianos</span> <span class='ocrx_word' id='word_1_79' title='bbox 1090 1640 1154 1683; x_wconf 92' lang='lat' dir='ltr'>non</span> <span class='ocrx_word' id='word_1_80' title='bbox 1190 1640 1273 1682; x_wconf 92' lang='lat' dir='ltr'>nun-</span> 
     </span>
     <span class='ocr_line' id='line_1_13' title="bbox 212 1730 1272 1811; baseline 0 -20"><span class='ocrx_word' id='word_1_81' title='bbox 212 1749 307 1811; x_wconf 89' lang='lat' dir='ltr'>quam</span> <span class='ocrx_word' id='word_1_82' title='bbox 333 1731 446 1795; x_wconf 90' lang='lat' dir='ltr'>omisit.</span> <span class='ocrx_word' id='word_1_83' title='bbox 496 1730 558 1793; x_wconf 83' lang='lat' dir='ltr'>Sed</span> <span class='ocrx_word' id='word_1_84' title='bbox 581 1730 804 1793; x_wconf 88' lang='lat' dir='ltr'>huiuscemodi</span> <span class='ocrx_word' id='word_1_85' title='bbox 828 1749 951 1794; x_wconf 87' lang='lat' dir='ltr'>errores</span> <span class='ocrx_word' id='word_1_86' title='bbox 975 1733 1009 1792; x_wconf 88' lang='lat' dir='ltr'>in</span> <span class='ocrx_word' id='word_1_87' title='bbox 1034 1730 1169 1793; x_wconf 90' lang='lat' dir='ltr'>aliorum</span> <span class='ocrx_word' id='word_1_88' title='bbox 1195 1748 1272 1811; x_wconf 89' lang='lat' dir='ltr'>quo-</span> 
     </span>
     <span class='ocr_line' id='line_1_14' title="bbox 211 1838 1272 1923; baseline -0.001 -21"><span class='ocrx_word' id='word_1_89' title='bbox 211 1858 275 1921; x_wconf 87' lang='lat' dir='ltr'>que</span> <span class='ocrx_word' id='word_1_90' title='bbox 311 1838 609 1918; x_wconf 84' lang='lat' dir='ltr'>dissertationibus,</span> <span class='ocrx_word' id='word_1_91' title='bbox 643 1841 702 1902; x_wconf 85' lang='lat' dir='ltr'>etsi</span> <span class='ocrx_word' id='word_1_92' title='bbox 737 1840 837 1901; x_wconf 89' lang='lat' dir='ltr'>multo</span> <span class='ocrx_word' id='word_1_93' title='bbox 872 1842 976 1903; x_wconf 85' lang='lat' dir='ltr'>rarius</span> <span class='ocrx_word' id='word_1_94' title='bbox 1014 1842 1146 1923; x_wconf 88' lang='lat' dir='ltr'>reperiri</span> <span class='ocrx_word' id='word_1_95' title='bbox 1180 1858 1272 1902; x_wconf 91' lang='lat' dir='ltr'>nemo</span> 
     </span>
     <span class='ocr_line' id='line_1_15' title="bbox 210 1947 1272 2031; baseline 0 -21"><span class='ocrx_word' id='word_1_96' title='bbox 210 1950 320 2012; x_wconf 90' lang='lat' dir='ltr'>nescit.</span> <span class='ocrx_word' id='word_1_97' title='bbox 369 1947 453 2024; x_wconf 76' lang='lat' dir='ltr'>Quid</span> <span class='ocrx_word' id='word_1_98' title='bbox 488 1949 572 2031; x_wconf 89' lang='lat' dir='ltr'>quod</span> <span class='ocrx_word' id='word_1_99' title='bbox 607 1950 641 2010; x_wconf 87' lang='lat' dir='ltr'>iu</span> <span class='ocrx_word' id='word_1_100' title='bbox 676 1947 783 2012; x_wconf 88' lang='lat' dir='ltr'>libello</span> <span class='ocrx_word' id='word_1_101' title='bbox 817 1949 898 2031; x_wconf 87' lang='lat' dir='ltr'>prid.</span> <span class='ocrx_word' id='word_1_102' title='bbox 930 1949 1014 2014; x_wconf 90' lang='lat' dir='ltr'>Non.</span> <span class='ocrx_word' id='word_1_103' title='bbox 1037 1949 1111 2012; x_wconf 85' lang='lat' dir='ltr'>lan.</span> <span class='ocrx_word' id='word_1_104' title='bbox 1136 1970 1163 2012; x_wconf 91' lang='lat' dir='ltr'>a.</span> <span class='ocrx_word' id='word_1_105' title='bbox 1190 1949 1272 2011; x_wconf 77' lang='lat'>1887</span> 
     </span>
     <span class='ocr_line' id='line_1_16' title="bbox 211 2056 1274 2142; baseline 0.001 -22"><span class='ocrx_word' id='word_1_106' title='bbox 211 2058 333 2140; x_wconf 83' lang='lat' dir='ltr'>publici</span> <span class='ocrx_word' id='word_1_107' title='bbox 356 2060 437 2121; x_wconf 89' lang='lat' dir='ltr'>iuris</span> <span class='ocrx_word' id='word_1_108' title='bbox 460 2058 542 2121; x_wconf 82' lang='lat' dir='ltr'>facto</span> <span class='ocrx_word' id='word_1_109' title='bbox 566 2076 676 2120; x_wconf 90' lang='lat' dir='ltr'>eorum</span> <span class='ocrx_word' id='word_1_110' title='bbox 709 2059 863 2134; x_wconf 90' lang='lat' dir='ltr'>omnium,</span> <span class='ocrx_word' id='word_1_111' title='bbox 900 2061 955 2141; x_wconf 87' lang='lat' dir='ltr'>qui</span> <span class='ocrx_word' id='word_1_112' title='bbox 989 2069 1061 2142; x_wconf 89' lang='lat' dir='ltr'>post</span> <span class='ocrx_word' id='word_1_113' title='bbox 1096 2056 1274 2142; x_wconf 82' lang='lat' dir='ltr'>Sauppium</span> 
     </span>
     <span class='ocr_line' id='line_1_17' title="bbox 213 2166 1275 2250; baseline 0 -20"><span class='ocrx_word' id='word_1_114' title='bbox 213 2174 244 2230; x_wconf 88' lang='lat' dir='ltr'>et</span> <span class='ocrx_word' id='word_1_115' title='bbox 268 2166 427 2230; x_wconf 82' lang='lat' dir='ltr'>Kritzium</span> <span class='ocrx_word' id='word_1_116' title='bbox 452 2169 486 2230; x_wconf 90' lang='lat' dir='ltr'>in</span> <span class='ocrx_word' id='word_1_117' title='bbox 505 2167 607 2229; x_wconf 86' lang='lat' dir='ltr'>Vellei</span> <span class='ocrx_word' id='word_1_118' title='bbox 631 2186 748 2250; x_wconf 82' lang='lat' dir='ltr'>genere</span> <span class='ocrx_word' id='word_1_119' title='bbox 770 2167 895 2229; x_wconf 90' lang='lat' dir='ltr'>dicendi</span> <span class='ocrx_word' id='word_1_120' title='bbox 922 2166 1136 2248; x_wconf 78' lang='lat' dir='ltr'>elaborarunt,</span> <span class='ocrx_word' id='word_1_121' title='bbox 1153 2168 1275 2230; x_wconf 88' lang='lat' dir='ltr'>nullius</span> 
     </span>
     <span class='ocr_line' id='line_1_18' title="bbox 210 2275 1273 2359; baseline -0.002 -19"><span class='ocrx_word' id='word_1_122' title='bbox 210 2275 247 2340; x_wconf 92' lang='lat' dir='ltr'>fit</span> <span class='ocrx_word' id='word_1_123' title='bbox 269 2277 410 2340; x_wconf 83' lang='lat' dir='ltr'>mentio?</span> <span class='ocrx_word' id='word_1_124' title='bbox 457 2278 611 2359; x_wconf 87' lang='lat' dir='ltr'>Ignarum</span> <span class='ocrx_word' id='word_1_125' title='bbox 633 2283 711 2359; x_wconf 84' lang='lat' dir='ltr'>puta</span> <span class='ocrx_word' id='word_1_126' title='bbox 733 2278 833 2340; x_wconf 86' lang='lat' dir='ltr'>fuisse</span> <span class='ocrx_word' id='word_1_127' title='bbox 849 2275 986 2338; x_wconf 83' lang='lat' dir='ltr'>Felicem</span> <span class='ocrx_word' id='word_1_128' title='bbox 1011 2277 1138 2339; x_wconf 87' lang='lat' dir='ltr'>illarum</span> <span class='ocrx_word' id='word_1_129' title='bbox 1166 2278 1273 2359; x_wconf 87' lang='lat' dir='ltr'>dispu-</span> 
     </span>
     <span class='ocr_line' id='line_1_19' title="bbox 211 2384 1274 2469; baseline -0.003 -20"><span class='ocrx_word' id='word_1_130' title='bbox 211 2389 385 2450; x_wconf 87' lang='lat' dir='ltr'>tationum:</span> <span class='ocrx_word' id='word_1_131' title='bbox 419 2387 510 2450; x_wconf 92' lang='lat' dir='ltr'>nullo</span> <span class='ocrx_word' id='word_1_132' title='bbox 544 2392 634 2469; x_wconf 90' lang='lat' dir='ltr'>pacto</span> <span class='ocrx_word' id='word_1_133' title='bbox 669 2387 833 2449; x_wconf 87' lang='lat' dir='ltr'>inauditae</span> <span class='ocrx_word' id='word_1_134' title='bbox 869 2384 1016 2466; x_wconf 87' lang='lat' dir='ltr'>segnitiei</span> <span class='ocrx_word' id='word_1_135' title='bbox 1050 2387 1170 2448; x_wconf 85' lang='lat' dir='ltr'>crimen</span> <span class='ocrx_word' id='word_1_136' title='bbox 1203 2404 1274 2467; x_wconf 88' lang='lat' dir='ltr'>pro-</span> 
     </span>
     <span class='ocr_line' id='line_1_20' title="bbox 210 2495 1274 2580; baseline -0.002 -22"><span class='ocrx_word' id='word_1_137' title='bbox 210 2498 340 2580; x_wconf 86' lang='lat' dir='ltr'>pulsare</span> <span class='ocrx_word' id='word_1_138' title='bbox 368 2498 493 2580; x_wconf 89' lang='lat' dir='ltr'>poterit.</span> <span class='ocrx_word' id='word_1_139' title='bbox 542 2495 604 2559; x_wconf 83' lang='lat' dir='ltr'>Sed</span> <span class='ocrx_word' id='word_1_140' title='bbox 628 2515 694 2558; x_wconf 91' lang='lat' dir='ltr'>non</span> <span class='ocrx_word' id='word_1_141' title='bbox 717 2502 835 2559; x_wconf 89' lang='lat' dir='ltr'>temere</span> <span class='ocrx_word' id='word_1_142' title='bbox 859 2496 938 2558; x_wconf 88' lang='lat' dir='ltr'>mihi</span> <span class='ocrx_word' id='word_1_143' title='bbox 961 2496 1115 2577; x_wconf 80' lang='lat' dir='ltr'>persuasi,</span> <span class='ocrx_word' id='word_1_144' title='bbox 1139 2514 1214 2557; x_wconf 88' lang='lat' dir='ltr'>eum</span> <span class='ocrx_word' id='word_1_145' title='bbox 1247 2496 1274 2558; x_wconf 89' lang='lat' dir='ltr'>si</span> 
     </span>
     <span class='ocr_line' id='line_1_21' title="bbox 213 2605 1273 2689; baseline -0.002 -21"><span class='ocrx_word' id='word_1_146' title='bbox 213 2626 279 2668; x_wconf 92' lang='lat' dir='ltr'>non</span> <span class='ocrx_word' id='word_1_147' title='bbox 304 2608 440 2669; x_wconf 79' lang='lat' dir='ltr'>allorum</span> <span class='ocrx_word' id='word_1_148' title='bbox 464 2611 496 2667; x_wconf 87' lang='lat' dir='ltr'>at</span> <span class='ocrx_word' id='word_1_149' title='bbox 519 2613 604 2669; x_wconf 89' lang='lat' dir='ltr'>certe</span> <span class='ocrx_word' id='word_1_150' title='bbox 621 2605 755 2689; x_wconf 84' lang='lat' dir='ltr'>Georgis</span> <span class='ocrx_word' id='word_1_151' title='bbox 771 2607 993 2668; x_wconf 86' lang='lat' dir='ltr'>dissertatione</span> <span class='ocrx_word' id='word_1_152' title='bbox 1015 2606 1049 2665; x_wconf 94' lang='lat' dir='ltr'>in</span> <span class='ocrx_word' id='word_1_153' title='bbox 1066 2624 1162 2666; x_wconf 86' lang='lat' dir='ltr'>usum</span> <span class='ocrx_word' id='word_1_154' title='bbox 1179 2624 1273 2667; x_wconf 88' lang='lat' dir='ltr'>suum</span> 
     </span>
     <span class='ocr_line' id='line_1_22' title="bbox 213 2715 1272 2796; baseline 0 -20"><span class='ocrx_word' id='word_1_155' title='bbox 213 2733 366 2778; x_wconf 88' lang='lat' dir='ltr'>conversa</span> <span class='ocrx_word' id='word_1_156' title='bbox 405 2718 513 2779; x_wconf 89' lang='lat' dir='ltr'>minus</span> <span class='ocrx_word' id='word_1_157' title='bbox 552 2717 694 2792; x_wconf 89' lang='lat' dir='ltr'>honeste,</span> <span class='ocrx_word' id='word_1_158' title='bbox 735 2717 822 2778; x_wconf 91' lang='lat' dir='ltr'>unde</span> <span class='ocrx_word' id='word_1_159' title='bbox 858 2715 1051 2796; x_wconf 85' lang='lat' dir='ltr'>profecisset,</span> <span class='ocrx_word' id='word_1_160' title='bbox 1090 2716 1272 2793; x_wconf 69' lang='lat' dir='ltr'>reticuisse,</span> 
     </span>
     <span class='ocr_line' id='line_1_23' title="bbox 212 2824 1273 2906; baseline -0.001 -20"><span class='ocrx_word' id='word_1_161' title='bbox 212 2825 306 2887; x_wconf 84' lang='lat' dir='ltr'>cuius</span> <span class='ocrx_word' id='word_1_162' title='bbox 336 2826 383 2887; x_wconf 87' lang='lat' dir='ltr'>rei</span> <span class='ocrx_word' id='word_1_163' title='bbox 407 2844 509 2887; x_wconf 91' lang='lat' dir='ltr'>unum</span> <span class='ocrx_word' id='word_1_164' title='bbox 540 2825 637 2906; x_wconf 89' lang='lat' dir='ltr'>idque</span> <span class='ocrx_word' id='word_1_165' title='bbox 673 2825 887 2887; x_wconf 87' lang='lat' dir='ltr'>certissimum</span> <span class='ocrx_word' id='word_1_166' title='bbox 912 2829 1138 2906; x_wconf 84' lang='lat' dir='ltr'>argumentum</span> <span class='ocrx_word' id='word_1_167' title='bbox 1163 2824 1273 2886; x_wconf 85' lang='lat' dir='ltr'>afferre</span> 
     </span>
     <span class='ocr_line' id='line_1_24' title="bbox 212 2933 1274 3017; baseline -0.002 -20"><span class='ocrx_word' id='word_1_168' title='bbox 212 2936 288 2997; x_wconf 87' lang='lat' dir='ltr'>satis</span> <span class='ocrx_word' id='word_1_169' title='bbox 311 2934 428 2997; x_wconf 88' lang='lat' dir='ltr'>habeo:</span> <span class='ocrx_word' id='word_1_170' title='bbox 453 2933 532 2997; x_wconf 88' lang='lat' dir='ltr'>Plus</span> <span class='ocrx_word' id='word_1_171' title='bbox 556 2934 687 3014; x_wconf 87' lang='lat' dir='ltr'>virginti</span> <span class='ocrx_word' id='word_1_172' title='bbox 711 2934 857 3015; x_wconf 90' lang='lat' dir='ltr'>quinque</span> <span class='ocrx_word' id='word_1_173' title='bbox 881 2953 975 2996; x_wconf 82' lang='lat' dir='ltr'>voces</span> <span class='ocrx_word' id='word_1_174' title='bbox 991 2934 1134 3016; x_wconf 87' lang='lat' dir='ltr'>elingua</span> <span class='ocrx_word' id='word_1_175' title='bbox 1161 2953 1274 3017; x_wconf 87' lang='lat' dir='ltr'>graeca</span> 
     </span>
    </p>
   </div>
   <div class='ocr_carea' id='block_1_3' title="bbox 213 3043 1369 3126">
    <p class='ocr_par' dir='ltr' id='par_1_8' title="bbox 213 3043 1369 3126">
     <span class='ocr_line' id='line_1_25' title="bbox 213 3043 1369 3126; baseline 0 -20"><span class='ocrx_word' id='word_1_176' title='bbox 213 3044 407 3126; x_wconf 82' lang='lat' dir='ltr'>desumptas,</span> <span class='ocrx_word' id='word_1_177' title='bbox 432 3063 511 3126; x_wconf 84' lang='lat' dir='ltr'>quas</span> <span class='ocrx_word' id='word_1_178' title='bbox 534 3043 618 3105; x_wconf 82' lang='lat' dir='ltr'>infra</span> <span class='ocrx_word' id='word_1_179' title='bbox 640 3063 670 3124; x_wconf 89' lang='lat' dir='ltr'>p.</span> <span class='ocrx_word' id='word_1_180' title='bbox 691 3044 728 3103; x_wconf 84' lang='lat'>51</span> <span class='ocrx_word' id='word_1_181' title='bbox 755 3044 789 3105; x_wconf 90' lang='lat' dir='ltr'>in</span> <span class='ocrx_word' id='word_1_182' title='bbox 815 3063 916 3105; x_wconf 89' lang='lat' dir='ltr'>unum</span> <span class='ocrx_word' id='word_1_183' title='bbox 934 3052 1102 3126; x_wconf 89' lang='lat' dir='ltr'>congestas</span> <span class='ocrx_word' id='word_1_184' title='bbox 1117 3046 1273 3124; x_wconf 82' lang='lat' dir='ltr'>invenies,</span> <span class='ocrx_word' id='word_1_185' title='bbox 1364 3080 1369 3089; x_wconf 81' lang='lat'><strong>·</strong></span> 
     </span>
    </p>
   </div>
   <div class='ocr_carea' id='block_1_4' title="bbox 210 3152 1291 4004">
    <p class='ocr_par' dir='ltr' id='par_1_9' title="bbox 210 3152 1291 3764">
     <span class='ocr_line' id='line_1_26' title="bbox 214 3152 1275 3236; baseline -0.001 -21"><span class='ocrx_word' id='word_1_186' title='bbox 214 3152 358 3217; x_wconf 90' lang='lat' dir='ltr'>Velleius</span> <span class='ocrx_word' id='word_1_187' title='bbox 382 3155 516 3217; x_wconf 90' lang='lat' dir='ltr'>orationi</span> <span class='ocrx_word' id='word_1_188' title='bbox 541 3172 617 3217; x_wconf 90' lang='lat' dir='ltr'>suae</span> <span class='ocrx_word' id='word_1_189' title='bbox 641 3153 823 3214; x_wconf 89' lang='lat' dir='ltr'>immiscuit.</span> <span class='ocrx_word' id='word_1_190' title='bbox 869 3152 956 3215; x_wconf 88' lang='lat' dir='ltr'>Num</span> <span class='ocrx_word' id='word_1_191' title='bbox 980 3154 1079 3236; x_wconf 89' lang='lat' dir='ltr'>igitur</span> <span class='ocrx_word' id='word_1_192' title='bbox 1102 3172 1179 3216; x_wconf 88' lang='lat' dir='ltr'>casu</span> <span class='ocrx_word' id='word_1_193' title='bbox 1212 3152 1275 3215; x_wconf 81' lang='lat' dir='ltr'>fac-</span> 
     </span>
     <span class='ocr_line' id='line_1_27' title="bbox 213 3259 1291 3348; baseline -0.003 -22"><span class='ocrx_word' id='word_1_194' title='bbox 213 3268 282 3327; x_wconf 88' lang='lat' dir='ltr'>tum</span> <span class='ocrx_word' id='word_1_195' title='bbox 307 3283 376 3327; x_wconf 89' lang='lat' dir='ltr'>esse</span> <span class='ocrx_word' id='word_1_196' title='bbox 400 3264 537 3346; x_wconf 79' lang='lat' dir='ltr'>putabis,</span> <span class='ocrx_word' id='word_1_197' title='bbox 561 3268 597 3325; x_wconf 90' lang='lat' dir='ltr'>ut</span> <span class='ocrx_word' id='word_1_198' title='bbox 621 3260 787 3345; x_wconf 82' lang='lat' dir='ltr'>Georgesl)</span> <span class='ocrx_word' id='word_1_199' title='bbox 811 3269 842 3326; x_wconf 91' lang='lat' dir='ltr'>et</span> <span class='ocrx_word' id='word_1_200' title='bbox 856 3259 976 3348; x_wconf 64' lang='lat' dir='ltr'>Felixl)</span> <span class='ocrx_word' id='word_1_201' title='bbox 999 3283 1073 3325; x_wconf 89' lang='lat' dir='ltr'>cum</span> <span class='ocrx_word' id='word_1_202' title='bbox 1103 3263 1291 3325; x_wconf 82' lang='lat' dir='ltr'>verborum</span> 
     </span>
     <span class='ocr_line' id='line_1_28' title="bbox 211 3371 1275 3457; baseline -0.003 -20"><span class='ocrx_word' id='word_1_203' title='bbox 211 3393 398 3457; x_wconf 90' lang='lat' dir='ltr'>graecorum</span> <span class='ocrx_word' id='word_1_204' title='bbox 425 3373 668 3455; x_wconf 81' lang='lat' dir='ltr'>usurpationem</span> <span class='ocrx_word' id='word_1_205' title='bbox 684 3374 794 3456; x_wconf 86' lang='lat' dir='ltr'>paucis</span> <span class='ocrx_word' id='word_1_206' title='bbox 812 3374 1014 3456; x_wconf 80' lang='lat' dir='ltr'>attingerent,</span> <span class='ocrx_word' id='word_1_207' title='bbox 1037 3371 1187 3435; x_wconf 84' lang='lat' dir='ltr'>omnibus</span> <span class='ocrx_word' id='word_1_208' title='bbox 1209 3371 1275 3434; x_wconf 87' lang='lat' dir='ltr'>fere</span> 
     </span>
     <span class='ocr_line' id='line_1_29' title="bbox 213 3480 1275 3565; baseline -0.003 -20"><span class='ocrx_word' id='word_1_209' title='bbox 213 3482 372 3546; x_wconf 91' lang='lat' dir='ltr'>eiusmodi</span> <span class='ocrx_word' id='word_1_210' title='bbox 406 3480 571 3544; x_wconf 86' lang='lat' dir='ltr'>vocabulis</span> <span class='ocrx_word' id='word_1_211' title='bbox 606 3502 721 3565; x_wconf 88' lang='lat' dir='ltr'>magna</span> <span class='ocrx_word' id='word_1_212' title='bbox 756 3483 943 3563; x_wconf 78' lang='lat' dir='ltr'>concordia,</span> <span class='ocrx_word' id='word_1_213' title='bbox 975 3485 1095 3545; x_wconf 92' lang='lat' dir='ltr'>maiore</span> <span class='ocrx_word' id='word_1_214' title='bbox 1131 3480 1275 3544; x_wconf 87' lang='lat' dir='ltr'>socordia</span> 
     </span>
     <span class='ocr_line' id='line_1_30' title="bbox 212 3591 1274 3676; baseline -0.003 -23"><span class='ocrx_word' id='word_1_215' title='bbox 212 3592 365 3674; x_wconf 89' lang='lat' dir='ltr'>neglectis</span> <span class='ocrx_word' id='word_1_216' title='bbox 388 3592 467 3655; x_wconf 89' lang='lat' dir='ltr'>haec</span> <span class='ocrx_word' id='word_1_217' title='bbox 498 3594 558 3655; x_wconf 91' lang='lat' dir='ltr'>tria</span> <span class='ocrx_word' id='word_1_218' title='bbox 581 3592 730 3676; x_wconf 76' lang='lat' dir='ltr'>dprinsios</span> <span class='ocrx_word' id='word_1_219' title='bbox 765 3592 963 3655; x_wconf 78' lang='lat' dir='ltr'>izocoaoolrio</span> <span class='ocrx_word' id='word_1_220' title='bbox 997 3591 1164 3654; x_wconf 78' lang='lat' dir='ltr'>tetrarches</span> <span class='ocrx_word' id='word_1_221' title='bbox 1198 3609 1274 3652; x_wconf 87' lang='lat' dir='ltr'>enu-</span> 
     </span>
     <span class='ocr_line' id='line_1_31' title="bbox 210 3702 391 3764; baseline 0 -1"><span class='ocrx_word' id='word_1_222' title='bbox 210 3702 391 3764; x_wconf 73' lang='lat' dir='ltr'>mererent?</span> 
     </span>
    </p>

    <p class='ocr_par' dir='ltr' id='par_1_10' title="bbox 212 3809 1276 4004">
     <span class='ocr_line' id='line_1_32' title="bbox 323 3809 1276 3894; baseline -0.003 -20"><span class='ocrx_word' id='word_1_223' title='bbox 323 3811 385 3874; x_wconf 86' lang='lat' dir='ltr'>Sed</span> <span class='ocrx_word' id='word_1_224' title='bbox 409 3811 449 3874; x_wconf 86' lang='lat' dir='ltr'>ad</span> <span class='ocrx_word' id='word_1_225' title='bbox 471 3811 671 3894; x_wconf 87' lang='lat' dir='ltr'>propositum</span> <span class='ocrx_word' id='word_1_226' title='bbox 694 3811 799 3889; x_wconf 83' lang='lat' dir='ltr'>redeo,</span> <span class='ocrx_word' id='word_1_227' title='bbox 821 3815 858 3873; x_wconf 89' lang='lat' dir='ltr'>ut</span> <span class='ocrx_word' id='word_1_228' title='bbox 873 3810 998 3872; x_wconf 86' lang='lat' dir='ltr'>lectoris</span> <span class='ocrx_word' id='word_1_229' title='bbox 1016 3809 1143 3871; x_wconf 85' lang='lat' dir='ltr'>fastidio</span> <span class='ocrx_word' id='word_1_230' title='bbox 1168 3828 1276 3871; x_wconf 88' lang='lat' dir='ltr'>occur·</span> 
     </span>
     <span class='ocr_line' id='line_1_33' title="bbox 212 3918 1275 4004; baseline -0.003 -20"><span class='ocrx_word' id='word_1_231' title='bbox 212 3940 291 3984; x_wconf 86' lang='lat' dir='ltr'>ram.</span> <span class='ocrx_word' id='word_1_232' title='bbox 338 3919 406 3983; x_wconf 86' lang='lat' dir='ltr'>Iam</span> <span class='ocrx_word' id='word_1_233' title='bbox 432 3923 517 4004; x_wconf 90' lang='lat' dir='ltr'>quod</span> <span class='ocrx_word' id='word_1_234' title='bbox 541 3922 654 3984; x_wconf 87' lang='lat' dir='ltr'>attinet</span> <span class='ocrx_word' id='word_1_235' title='bbox 678 3921 717 3982; x_wconf 88' lang='lat' dir='ltr'>ad</span> <span class='ocrx_word' id='word_1_236' title='bbox 741 3921 926 3982; x_wconf 85' lang='lat' dir='ltr'>universam</span> <span class='ocrx_word' id='word_1_237' title='bbox 949 3918 1052 3981; x_wconf 88' lang='lat' dir='ltr'>Vellei</span> <span class='ocrx_word' id='word_1_238' title='bbox 1075 3920 1216 3984; x_wconf 86' lang='lat' dir='ltr'>indolem</span> <span class='ocrx_word' id='word_1_239' title='bbox 1240 3939 1275 3982; x_wconf 91' lang='lat' dir='ltr'>ac</span> 
     </span>
    </p>
   </div>
   <div class='ocr_carea' id='block_1_5' title="bbox 319 4077 538 4240">
    <p class='ocr_par' dir='ltr' id='par_1_11' title="bbox 319 4077 538 4240">
     <span class='ocr_line' id='line_1_34' title="bbox 319 4077 525 4146; baseline 0 -14"><span class='ocrx_word' id='word_1_240' title='bbox 319 4077 525 4146; x_wconf 57' lang='lat' dir='ltr'>nhcpi</span> 
     </span>
     <span class='ocr_line' id='line_1_35' title="bbox 322 4169 538 4240; baseline -0.009 -14"><span class='ocrx_word' id='word_1_241' title='bbox 322 4169 538 4240; x_wconf 54' lang='lat' dir='ltr'>ffihcpffl</span> 
     </span>
    </p>
   </div>
   <div class='ocr_carea' id='block_1_6' title="bbox 0 0 1400 4642">
    <p class='ocr_par' dir='ltr' id='par_1_12' title="bbox 0 0 1400 4642">
     <span class='ocr_line' id='line_1_36' title="bbox 0 0 1400 4642; baseline 0 0"><span class='ocrx_word' id='word_1_242' title='bbox 0 0 1400 4642; x_wconf 95' lang='lat' dir='ltr'> </span> 
     </span>
    </p>
   </div>
  </div>
 </body>
</html>
