2782 4642
671 315 714 381 50

161 500 271 562 raliter
295 517 329 560 se
353 497 537 560 offerentem
561 499 653 578 sequi
670 497 825 578 optimum
842 497 923 559 mihi
938 499 1044 560 visum
1069 503 1125 560 est.
1161 495 1227 560 Ne·

165 627 229 690 que
252 613 360 670 tamen
384 607 436 669 hio
459 605 730 688 acquiescendum
754 607 877 688 putavi.
923 605 1006 670 Nam
1027 610 1151 688 praeter
1166 607 1228 668 tria

162 719 218 780 illa
241 715 474 779 vocabulorum
496 734 615 797 genera
638 734 702 777 non
727 715 819 777 nulla
842 716 930 798 apud
952 715 1105 779 Nostrum
1132 713 1227 778 nobis

161 831 335 890 occurrunt
355 825 461 905 verba,
484 843 566 908 quae
590 844 784 906 quamquam
801 825 912 887 eadem
926 824 1029 888 forma
1044 843 1080 887 ac
1096 826 1228 887 notione

162 936 247 1019 apud
270 935 395 998 Velleio
419 935 616 1017 antiquiores
639 935 853 1016 reperiuntur,
887 955 906 996 0
929 935 1071 998 classicis
1099 934 1155 1015 qui
1180 933 1228 995 di-

121 1046 125 1065 ‘
161 1050 279 1107 cuntur
302 1043 539 1127 scriptoribusl)
575 1049 631 1106 001
664 1063 796 1126 prorsus
831 1062 898 1105 non
926 1048 982 1107 aut
1012 1043 1138 1105 diversa
1171 1061 1228 1125 po-

163 1159 276 1218 testate
301 1159 455 1236 usurpata
479 1159 564 1218 sunt.
609 1152 680 1215 Hac
714 1153 814 1234 igitur
836 1153 960 1215 ratione
989 1153 1228 1234 circumscripsi

163 1264 441 1327 enumerationem
464 1281 591 1341 vocum,
614 1267 652 1324 ut
675 1263 854 1325 omitterem
871 1281 992 1343 omnes,
1016 1281 1099 1344 quae
1115 1263 1228 1325 eadem

161 1379 256 1454 atque
280 1371 365 1454 apud
389 1371 549 1435 Velleium
572 1373 605 1434 vi
627 1373 661 1434 in
686 1372 897 1435 classicorum
921 1373 1112 1454 scriptorum
1134 1371 1228 1434 libris

159 1479 350 1562 legerentur.
396 1482 510 1563 Itaque
547 1482 655 1563 vitavi,
689 1500 731 1544 00
758 1482 792 1543 10
815 1481 848 1543 id
873 1481 960 1563 quod
984 1480 1124 1562 Georges
1146 1481 1230 1542 inci-

161 1591 279 1673 derem,
303 1592 415 1653 00110
439 1590 626 1672 colligendis
650 1590 757 1654 verbis
781 1590 866 1673 apud
890 1591 1026 1673 optimos
1056 1592 1229 1673 scriptores

161 1702 266 1764 rarius
290 1699 395 1764 obviis
419 1705 455 1763 01
478 1700 610 1763 modum
633 1705 756 1764 teneret
777 1702 911 1763 minime
945 1701 1086 1783 contigit.
1137 1698 1227 1763 Num

161 1829 237 1872 vero
272 1811 341 1892 ipse
376 1811 409 1872 in
446 1809 615 1873 afferendis
650 1815 681 1872 et
714 1810 895 1891 digerendis
919 1809 1083 1873 vocabulis
1107 1814 1229 1872 rectam

161 1920 247 1998 riam
271 1921 436 2001 ingressus
460 1920 530 1999 sim,
554 1920 690 1983 aliorum
713 1922 774 1982 erit
795 1919 961 1982 iudicium.

272 2026 337 2090 Hic
360 2034 466 2090 autern
492 2029 519 2090 si
544 2029 682 2110 quisita
709 2030 788 2090 mihi
813 2034 966 2110 occurrat,
1003 2033 1038 2090 ut
1060 2029 1229 2092 remittens

162 2155 216 2200 me
240 2137 281 2198 ad
305 2135 439 2218 Georgis
463 2137 717 2200 dissertationem
752 2144 822 2200 acta
853 2157 904 2200 me
936 2138 1039 2219 egisse
1072 2138 1164 2218 dicat,
1197 2138 1230 2201 ei

161 2247 223 2309 hoc
246 2246 437 2328 respondeo:
460 2247 601 2328 primum
627 2246 757 2329 quidem
781 2267 902 2309 novum
928 2246 1089 2329 quoddam
1111 2245 1228 2309 funda

161 2360 318 2437 mentum,
340 2357 375 2416 in
399 2375 463 2437 quo
487 2357 556 2437 ipse
579 2375 689 2419 meum
706 2357 895 2438 opusculum
917 2362 1125 2437 exstruerem,
1143 2356 1228 2419 facta

80 2489 82 2493 ·
161 2466 242 2528 mihi
265 2471 343 2529 sunt
367 2465 469 2532 lexioa
491 2464 548 2526 illa
571 2462 769 2552 Mergueti‚2)
795 2467 855 2527 viri
879 2467 918 2529 de
944 2468 1153 2549 grammatica
1180 2465 1230 2528 la-

162 2576 230 2638 tina
254 2576 372 2657 optime
396 2575 516 2653 meriti;
541 2575 591 2637 his
616 2575 745 2639 adiutus
768 2575 886 2638 multos
903 2575 1000 2659 effugi
1016 2595 1148 2656 errores,
1168 2577 1229 2658 qui

164 2690 238 2747 ante
262 2686 320 2747 hos
345 2685 456 2746 decem
479 2703 581 2746 annos
604 2684 756 2748 declinari
779 2686 837 2747 vix
860 2691 1013 2768 poterant,
1048 2694 1132 2749 certe
1161 2703 1230 2747 non

164 2791 313 2855 declinati
347 2799 423 2856 sunt
455 2814 473 2856 a
505 2793 636 2876 Georgo,
673 2796 791 2878 quippe
830 2797 886 2878 qui
915 2797 1074 2859 immerito
1107 2794 1229 2858 multas

161 2921 257 2965 voces
281 2903 428 2965 notiones
451 2902 629 2966 locutiones
656 2904 799 2967 classicis
823 2904 1030 2987 scriptoribus
1065 2904 1229 2966 abiudica-

162 3011 254 3073 vorit.
303 3009 394 3085 Quae
418 3018 524 3074 autem
547 3012 602 3074 ille
625 3013 684 3075 hac
707 3014 741 3075 in
764 3032 799 3076 re
822 3014 1002 3096 peccaverit
1025 3014 1077 3076 hic
1107 3013 1228 3077 referre

161 3126 216 3183 001
239 3120 383 3184 refellere
406 3122 539 3203 longum
565 3127 612 3184 001
635 3140 693 3185 000
716 3124 945 3187 necessarium.

269 3229 371 3292 Multa
403 3230 519 3293 deinde
544 3229 682 3314 Georges
717 3234 832 3315 omisit,
866 3234 966 3296 multo
1001 3233 1094 3315 plura
1128 3251 1228 3314 quam

163 3356 244 3421 qnae
267 3358 403 3403 excuses
422 3359 584 3422 quamque
600 3338 784 3424 Wagener3)
796 3343 830 3404 in
847 3342 1005 3405 iudicium
1020 3360 1140 3403 vocans
1156 3341 1228 3404 0100

269 3585 295 3655 1)
316 3585 373 3638 Ηο0
401 3588 491 3639 autem
518 3586 652 3640 neminem
679 3585 730 3638 0101
749 3584 911 3653 Ciceronem,
940 3584 1087 3651 Caesarem,
1106 3586 1227 3640 Hirtium

162 3675 285 3745 intellegi
303 3677 396 3740 velim;
424 3695 485 3732 nam
514 3708 548 3716 -
567 3680 597 3730 01
616 3680 719 3730 taceam
738 3679 770 3731 de
789 3678 848 3732 01110
877 3709 910 3716 -
938 3677 1093 3732 Sallustium
1113 3677 1228 3731 100100-

162 3766 254 3820 cedere
272 3784 288 3821 a
307 3769 430 3823 castitate
449 3772 476 3823 et
495 3769 649 3824 sinceritate
667 3770 797 3824 sermonis
823 3769 908 3834 latini,
937 3769 1042 3824 Livium
1071 3768 1147 3838 quasi
1171 3786 1228 3825 mo·

163 3856 236 3910 dium
263 3861 394 3928 quendam
421 3861 492 3915 inter
518 3878 612 3915 aureae
639 3864 668 3914 01
695 3866 835 3930 argenteae
862 3862 958 3916 aetatis
976 3861 1117 3929 scriptores
1136 3861 1228 3914 locum

162 3951 260 4019 tenere,
280 3952 359 4007 hodie
378 3970 470 4008 omnes
489 3953 539 4006 viri
556 3952 629 4007 docti
647 3955 777 4007 statutum
795 3952 904 4006 habent.
1023 3948 1025 3952 ’

267 4048 294 4117 2)
314 4046 375 4104 vid,
395 4063 420 4113 p.
440 4051 483 4102 53.

269 4137 296 4204 3)
316 4135 411 4191 Philol.
431 4137 543 4205 Anzeig.
562 4154 586 4190 0.
606 4138 682 4193 1878.
710 4136 759 4190 IX.
780 4154 804 4204 p.
825 4137 877 4190 194
896 4154 934 4205 sq.
