2782 4642
641 337 681 398 59

198 514 272 576 dam
294 532 364 577 esse
388 514 562 577 contendit.
610 511 715 587 Quam
729 514 918 576 sententiam
939 512 1198 593 utconfirmaret,

197 624 302 706 potuit
325 622 469 686 conferre
492 623 541 684 vir
554 622 759 686 doctissimus
770 621 880 705 Pomp.
895 621 968 687 net.
980 621 999 685 Ι
1013 620 1192 704 93:26‚1.

199 732 308 797 Parth.
352 730 523 794 Aeotorrrm
572 729 665 815 (corr.
704 732 876 794 aetolorum
923 734 962 793 A.
1000 733 1196 796 oetlaotoruur

202 841 235 906 Ο.
272 842 312 905 D.
348 840 384 903 G.
418 839 524 903 Havn.
565 840 645 904 Ven.
680 841 855 904 eteorum
889 839 922 902 L.
957 840 991 904 P.
1026 840 1077 916 R.)
1105 847 1135 904 et
1162 840 1196 903 II

204 949 434 1031 120.=60,10
460 949 497 1012 P.
520 949 620 1014 Aeoli.
668 949 737 1015 Nee
760 957 877 1027 tamen,
908 969 1106 1032 quamquam
1129 969 1195 1012 non

203 1079 270 1123 uno
293 1061 371 1141 looO,
406 1059 444 1122 de
481 1079 545 1142 quo
581 1061 712 1142 quidem
745 1059 884 1122 dubitari
915 1065 1064 1142 nequeat,
1094 1058 1198 1122 Aeolii

201 1169 303 1232 forma
326 1170 498 1252 legitur—
511 1188 587 1232 nam
600 1169 767 1233 Velleiano
791 1168 894 1232 codici
916 1170 951 1230 in
975 1168 1073 1232 rebus
1091 1168 1199 1230 dubiis

130 1321 133 1328 ·
200 1280 334 1342 minima
358 1283 407 1341 est
430 1279 602 1341 auctoritas
637 1315 680 1325 -
712 1277 908 1341 Lachmanni
939 1279 1079 1341 rationes
1111 1277 1196 1360 apud

202 1407 253 1451 me
277 1408 344 1452 non
367 1391 493 1449 tantum
517 1388 667 1469 ponderis
691 1388 817 1468 habent,
840 1393 878 1450 ut
901 1408 919 1449 a
943 1387 1074 1469 vulgata
1097 1388 1196 1468 scrip-

204 1496 508 1560 turarecedendum
521 1503 640 1578 putem.
687 1496 816 1560 Etenim
829 1499 932 1560 tutius
946 1501 1002 1577 est,
1024 1498 1058 1558 in
1075 1495 1192 1560 talibus

203 1606 329 1668 codices
353 1607 455 1687 sequi.

134 1755 302 1818 eqrzoseere
325 1735 500 1798 insolenter
523 1741 555 1798 et
578 1737 647 1798 sine
671 1735 818 1818 exemplo
843 1742 1000 1818 quantum
1026 1737 1100 1818 scio,
1124 1754 1198 1798 curn

202 1849 240 1907 ret
251 1844 407 1926 particula
419 1846 580 1927 iungitur:
593 1845 650 1906 vix
662 1850 699 1906 ut
711 1853 839 1908 senator
852 1847 1037 1927 agnoscitur
1052 1845 1086 1907 II
1105 1845 1153 1922 10,
1168 1847 1197 1907 1.

203 1990 247 1998 -
271 1951 423 2016 Similiter
447 1952 592 2017 Velleius
617 1953 699 2015 dixit
728 1952 871 2032 Π80,2;
908 1959 1007 2017 totam
1030 1955 1197 2016 victoriam

203 2068 237 2124 ut
261 2082 352 2125 snam
377 2062 656 2146 interpretabatur.
681 2063 858 2126 —Minus
888 2065 1079 2129 insolentiae
1102 2063 1198 2126 hahet

202 2170 320 2234 locutio
344 2171 550 2256 interpretari
571 2172 646 2254 etqet
662 2192 725 2254 pro
740 2173 838 2256 etqua
861 2195 904 2254 re,
927 2193 1010 2257 quae
1035 2173 1199 2235 iuvenitur

201 2280 583 2360 1183,2:clementiam
614 2283 746 2344 victoris
776 2303 833 2365 pro
867 2303 926 2346 sua
954 2285 1073 2345 virtute
1101 2283 1198 2343 inter-

201 2390 395 2472 pretabatur.
419 2428 462 2436 —
487 2389 533 2455 cf.
557 2389 701 2473 Draeger
723 2392 743 2467 ξ
769 2392 900 2472 170,3a.
926 2388 970 2474 (Ι2
994 2412 1022 2474 p.
1051 2389 1137 2470 384.)

136 2540 274 2602 attollere
308 2542 393 2623 quod
426 2541 561 2604 verbum
594 2542 719 2604 classici
755 2544 812 2623 qui
841 2543 995 2605 dicuntur
1028 2542 1199 2622 scriptores

204 2649 310 2712 dedita
345 2670 439 2733 opera
469 2650 622 2714 videntur
652 2652 797 2728 evitasse,
834 2652 944 2714 transl.
983 2652 1021 2714 de
1054 2651 1200 2733 personis

204 2763 392 2841 usurpatur:
423 2764 544 2842 quanto
574 2757 736 2822 Ciceronis
767 2760 873 2823 studio
901 2759 1023 2824 Brutus
1053 2759 1199 2824 Cassius-

204 2888 267 2950 que
290 2869 512 2932 attollerentur
523 2868 617 2949 1165,
630 2869 658 2933 1.
682 2905 722 2914 -
741 2869 781 2933 cf.
803 2869 864 2933 Cio.
881 2870 964 2935 Phil.
980 2869 1066 2933 XIII
1090 2870 1139 2945 ll,
1156 2869 1197 2931 36

205 2977 272 3041 ‘ubi
305 2976 369 3041 Cic.
402 2997 518 3040 errrore
552 2979 637 3053 dicit,
675 2978 759 3060 quod
794 2978 940 3043 Velleius
964 2980 1108 3055 attollere,
1144 2979 1199 3040 alii

204 3085 347 3151 exerere)
386 3084 517 3165 Ruhnk.

136 3221 302 3279 arretorare
329 3217 441 3279 latiore
478 3217 580 3300 signif.
619 3226 795 3302 usurpatur
829 3237 885 3300 pro
921 3218 1087 3281 redimere:
1124 3217 1200 3279 Per·

122 3392 125 3398 .
204 3344 310 3409 penna
340 3375 346 3389 .
378 3377 385 3391 .
416 3375 423 3390 .
459 3325 636 3389 Sertorium
666 3379 671 3390 .
706 3377 711 3388 .
744 3377 750 3391 .
785 3329 948 3390 interemit
981 3327 1200 3407 Romanisque

204 3441 321 3498 certam
355 3437 533 3512 victoriam,
568 3436 717 3518 partibus
749 3438 817 3499 suis
841 3438 1015 3512 excidium,
1049 3435 1109 3499 sibi
1132 3441 1199 3497 tur-

205 3545 368 3626 pissimam
385 3552 518 3608 mortem
536 3546 674 3627 peSSImo
699 3548 878 3608 auctoravit
900 3546 1040 3608 facinore
1056 3545 1090 3606 II
1107 3544 1158 3624 30,
1169 3545 1198 3607 1.

207 3689 245 3698 -
282 3653 414 3737 Proprie
449 3654 528 3718 Hor.
564 3653 593 3717 S.
618 3654 652 3716 Π
677 3655 756 3729 7,59
781 3664 812 3717 et
834 3653 902 3718 Liv.
934 3653 1086 3716 XXXVI
1112 3654 1200 3730 10‚8.

204 3768 387 3826 auctoratus
421 3767 448 3828 Is
484 3765 609 3840 dicitur,
642 3766 699 3845 qui
734 3765 881 3826 mercede
916 3770 1042 3846 accepta
1072 3781 1200 3845 operam

207 3891 299 3934 suam
326 3874 479 3952 vendidit,
509 3895 542 3937 se
571 3873 760 3952 orretoracr't,
786 3873 842 3954 qui
871 3873 1052 3935 conductus
1081 3879 1129 3936 est
1158 3871 1197 3934 ad

205 3980 290 4063 alqd.
314 3982 508 4046 faciendum.

136 4110 306 4193 auspicari
328 4111 404 4172 inde
428 4131 446 4172 a
471 4111 594 4174 Velleio
619 4113 750 4194 saepius
767 4111 876 4175 eadem
896 4111 1029 4196 signific.
1061 4132 1124 4194 qua
1147 4111 1199 4174 tre-
