2782 4642
676 290 718 353 69

584 381 799 391 —————-

219 472 424 535 securitatem
458 467 599 559 reddidit
633 466 667 528 II
692 468 743 549 98,
760 469 788 530 2.
847 486 1002 550 spemque
1038 470 1224 549 conceptam

133 622 137 627 -
218 584 393 664 perpetuae
416 576 600 642 securitatis
624 574 657 638 ll
675 576 749 658 103,
758 579 787 639 4.
825 577 862 638 in
884 577 1019 640 tutelam
1043 576 1225 640 securitatis

223 708 303 753 suae
325 687 360 751 Il
385 685 495 767 128,4.
570 727 574 733 «

156 798 346 862 seditionem
378 815 496 860 ereaee:
535 794 700 877 seditione,
735 795 791 858 sed
827 814 925 877 quam
960 794 1029 858 dux
1063 801 1225 859 creaverat

226 905 391 984 1120,1.
419 939 462 950 -
491 901 593 977 Quam
633 903 787 986 loquendi
822 905 978 967 rationem
1013 904 1090 968 ferri
1122 923 1225 988 posse,

223 1015 300 1078 licet
322 1015 382 1076 hoc
404 1031 470 1076 uno
493 1013 717 1076 tantummodo
748 1013 819 1076 loco
843 1013 1029 1096 reperiatur,
1058 1031 1117 1076 nec
1145 1032 1226 1096 opus

133 1167 139 1175 ·
224 1143 291 1188 esse
326 1123 392 1186 ulla
426 1123 614 1203 mutatione,
648 1120 793 1186 Kritzius
827 1124 862 1184 in
898 1121 1083 1187 Zimmerm.
1107 1123 1225 1186 Annal.

119 1213 120 1216 Ἴ
222 1232 304 1296 stud.
328 1233 425 1314 antiq.
450 1252 476 1295 a.
503 1230 587 1294 1837
618 1245 672 1296 uo.
699 1231 737 1292 11
763 1252 793 1314 p.
821 1233 883 1295 101
914 1233 1110 1296 demonstrat
1139 1252 1226 1296 com-

87 1394 91 1402 ,
222 1342 316 1405 mode
340 1358 484 1421 monens,
518 1339 706 1403 seditionem
728 1361 834 1405 cicere
868 1347 953 1406 recte
987 1341 1051 1405 dici
1081 1341 1121 1405 ad
1152 1361 1228 1405 ana·
1319 1422 1320 1427 ἵ

222 1453 341 1535 logiam
355 1450 561 1512 locutionum*
575 1449 731 1512 similium
746 1454 783 1512 ut
806 1471 912 1514 creare
933 1450 1123 1535 periculum,
1149 1451 1227 1532 lites,

224 1560 337 1623 odiam
360 1563 421 1621 etc.
444 1593 488 1602 -
513 1556 552 1621 cf.
576 1561 684 1621 tamen
708 1558 840 1623 Ruhnk.
866 1561 905 1624 ad
929 1561 961 1624 h.
984 1561 1006 1624 l.

104 1679 107 1685 '
158 1669 297 1753 spiritus
330 1673 478 1730 concreto
506 1685 605 1730 sensu
635 1669 768 1750 ponitur
800 1666 912 1754 (velim
935 1670 1033 1734 addas
1056 1668 1172 1751 Draeg.
1196 1665 1228 1730 Ι2

226 1798 257 1860 p.
281 1775 352 1860 22):
388 1776 561 1859 Augustus
586 1824 592 1837 .
618 1825 656 1840 ..
692 1778 895 1843 subrefectus
929 1781 1032 1862 primo
1056 1782 1228 1861 conspectu

227 1886 435 1968 alloquioque
459 1885 617 1949 carissimi
641 1885 703 1950 sibi
726 1888 857 1971 spiritus
881 1888 915 1951 Il
940 1889 1012 1969 123,
1026 1891 1054 1950 2.

160 1996 254 2059 statio
269 2014 326 2078 per
341 1995 451 2060 transl.
471 1995 589 2057 dicitur
606 1994 782 2078 imperia-m
791 1996 958 2081 principis
974 1995 1228 2081 sprincipotus:

226 2105 402 2188 pugnantis
437 2123 513 2166 cum
547 2101 682 2168 Caesare
716 2111 848 2170 senatus
876 2108 1053 2191 populique
1082 2105 1229 2178 Romani,

225 2219 259 2277 ut
282 2215 414 2277 stationi
436 2217 587 2295 paternae
611 2216 799 2280 succederet
822 2216 856 2279 ΙΙ
882 2218 991 2298 124,2.
1016 2253 1060 2262 -
1085 2217 1138 2279 Sic
1161 2233 1228 2277 sae-

222 2325 296 2406 pius
319 2324 418 2386 locuti
443 2327 521 2385 sunt
545 2325 714 2406 scriptores
737 2325 812 2388 hist.
837 2344 908 2406 aug.

156 2437 260 2496 status
282 2433 475 2516 praegnanti
510 2449 608 2495 sensu
636 2438 755 2496 ceriam
777 2433 861 2496 oilae
883 2432 1101 2496 condicionem
1131 2434 1231 2514 signi-

222 2542 297 2605 ficat
319 2547 385 2605 tam
408 2543 566 2624 privatam
593 2561 689 2623 quam
712 2540 891 2625 publicam:
916 2540 1066 2605 omnibus
1090 2538 1230 2628 [letatumll

225 2648 362 2732 (foetum
385 2650 429 2735 A)
452 2650 760 2737 concupiscentibus
784 2650 814 2716 ΙΙ
839 2652 868 2732 2,
883 2652 912 2714 3.
959 2651 1086 2715 nullum
1109 2651 1229 2714 haben-

225 2759 315 2822 tibus
342 2764 461 2823 statum
491 2760 675 2843 (proscripti
707 2758 874 2846 dicuntur)
898 2759 933 2823 Π
957 2761 1049 2842 72,5.
1098 2760 1136 2824 cf.
1159 2761 1230 2837 Tac,

227 2887 303 2932 ann.
326 2867 377 2931 ΙΙΙ
401 2871 458 2931 28;
482 2869 726 2952 multorumque
750 2872 853 2934 excisi
878 2875 990 2935 status.

160 2977 279 3041 sterilis
302 2977 412 3040 transl.
430 2978 533 3061 signif.
551 2997 625 3041 cum
642 2982 792 3063 genetivo
808 2983 1027 3064 coniungitur:
1052 2980 1151 3044 urbes
1168 3028 1177 3046 .
1195 3028 1228 3047 ..

228 3088 340 3150 talium
364 3087 546 3151 studiorum
570 3088 663 3151 fuere
686 3091 810 3154 steriles
834 3092 851 3153 Ι
876 3091 927 3173 18,
939 3094 968 3154 3.

160 3197 313 3261 sterilitas
346 3216 404 3280 pro
436 3196 548 3280 inopia
572 3204 759 3282 usurpatur:
795 3203 961 3265 sterilitate
989 3201 1120 3283 frugum
1146 3219 1230 3262 oom-

227 3308 313 3390 pulsi
337 3309 442 3371 sortiti
465 3312 549 3388 sunt,
574 3315 677 3375 uter.
704 3357 711 3371 .
736 3359 744 3374 .
769 3309 967 3374 decederetl
985 3311 1054 3392 1,4.
1077 3344 1113 3355 -
1132 3308 1232 3371 Haud

227 3418 442 3500 inopportune
465 3415 628 3483 Krousius
653 3420 787 3483 contulit
811 3419 875 3484 Col.
899 3420 932 3482 ll
958 3420 1056 3502 10,1:
1081 3417 1231 3480 sterilitas

229 3547 384 3592 annonae.
438 3527 512 3591 Non
545 3530 786 3592 incommodum
820 3529 970 3610 arbitror,
1001 3528 1041 3590 ad
1068 3526 1231 3589 illustran-

230 3637 302 3700 dam
340 3640 425 3700 banc
458 3630 678 3724 ἆκυρολογίαν,
713 3645 749 3702 ut
781 3641 825 3702 ita
860 3639 975 3718 dicam,
1008 3636 1141 3699 laudare
1165 3634 1231 3699 Oic.

229 3748 297 3812 har.
321 3767 403 3830 resp.
431 3749 481 3827 14,
496 3749 555 3810 31;
591 3750 625 3810 in
649 3751 708 3812 hac
733 3751 863 3812 caritate
886 3764 1044 3828 annonae,
1068 3747 1232 3811 sterilitate

230 3877 390 3941 agrorum,
425 3858 533 3940 inopia
555 3857 698 3941 frugum.

163 3967 385 4030 transceudere
408 3986 465 4050 pro
490 3986 526 4030 co
550 3969 689 4049 ponitur,
718 3967 805 4050 quod
829 3987 877 4050 ap.
903 3968 1039 4050 optimos
1063 3967 1232 4049 scriptores

231 4082 279 4140 est
304 4077 458 4141 transire:
481 4081 518 4140 ut
541 4077 581 4138 ad
605 4080 726 4141 maiora
748 4076 972 4140 transcendam
998 4076 1032 4140 Il
1057 4077 1128 4158 130,
1139 4077 1166 4138 3.
