2782 4642
674 282 714 343 55

225 461 363 548 buntur)
425 459 582 546 (Ruhnk.)
624 457 716 534 Quod
757 454 817 521 etsi
855 455 946 520 facile
986 458 1124 521 concedo
1169 456 1221 540 (cf.

226 573 260 636 F.
273 571 389 635 Ruehl.
405 589 480 634 ann.
494 569 600 631 Fleck.
616 566 727 630 CXXI
749 587 780 650 p.
807 567 867 628 571
894 567 966 630 adn.
992 567 1043 629 21.
1065 603 1109 612 —
1133 564 1224 648 Seck,

226 683 266 744 de
289 679 425 761 Pompei
446 678 541 761 Trogi
564 696 712 740 sermone
735 676 761 741 I.
785 697 815 759 p.
839 675 903 759 27),
926 681 1033 739 tamen
1062 682 1098 740 ut
1126 679 1159 739 in
1188 696 1223 739 re

226 792 350 852 incerta
373 787 489 850 melius
513 787 602 868 duxi,
635 787 761 869 dequo
795 787 902 868 agitur
934 786 1126 849 vocabulum
1161 786 1224 849 huo

227 902 379 963 inserere.

162 1009 352 1090 desponsare
375 1025 431 1089 pro
454 1005 643 1090 despondere
669 1007 814 1087 ponitur:
851 1026 926 1068 curn
961 1010 1045 1070 esset
1077 1006 1225 1088 privigna

228 1117 362 1178 Antonii
386 1116 574 1199 desponsata
598 1114 890 1195 consentinae.
917 1152 958 1161 —
983 1115 1071 1179 Suet.
1090 1113 1178 1178 Caes.
1198 1116 1224 1175 1.

226 1261 269 1271 —
292 1225 331 1287 In
355 1225 500 1289 eiusdem
526 1225 637 1289 Claud.
662 1225 713 1307 27,
743 1244 839 1307 quem
872 1225 979 1288 locum
1010 1222 1159 1286 Luebker
1190 1225 1224 1285 in

226 1333 346 1397 Klotzii
383 1335 448 1398 lex.
487 1335 539 1399 lat.
578 1335 682 1415 affert,
720 1334 814 1397 hodie
853 1335 971 1417 legitur
1008 1332 1227 1417 despondisset

225 1443 365 1527 (162,st
389 1442 442 1524 R.)
466 1449 497 1506 et
520 1444 710 1526 desponsam
733 1443 867 1526 (162,23
891 1442 952 1526 R).

159 1555 296 1638 difficile
329 1555 364 1614 vi
399 1553 542 1615 adverbii
576 1555 721 1635 ponitur:
759 1552 820 1615 sibi
856 1551 984 1615 difficile
1019 1553 1226 1614 consentiens

228 1663 261 1726 Π
281 1663 369 1742 63,3.
394 1698 435 1707 -
453 1662 491 1728 ci.
508 1661 600 1726 Neue
616 1659 664 1724 112
679 1683 709 1745 p.
728 1663 803 1726 658.
820 1660 962 1744 Draeger
973 1659 1005 1723 12
1017 1680 1045 1742 p.
1061 1660 1134 1723 113.
1154 1659 1225 1721 125.

164 1793 369 1876 dispnnpone:
394 1811 500 1875 neque
525 1794 609 1855 enirn
636 1796 807 1875 quisquam
832 1792 892 1854 hoo
916 1791 1063 1874 Scipione
1098 1791 1225 1872 elegan-

228 1903 295 1966 tius
318 1901 487 1964 intervalla
514 1903 715 1984 negotiorum
739 1903 803 1964 otio
834 1901 1001 1984 dispunxit
1023 1900 1040 1962 I
1066 1901 1115 1981 13,
1129 1903 1156 1963 3.
1182 1937 1225 1946 -

229 2012 281 2074 Ad
305 2012 402 2075 huius
437 2012 526 2074 verbi
560 2013 626 2074 vim
663 2012 749 2094 quod
781 2013 903 2092 attinet,
936 2010 974 2076 cf.
998 2009 1159 2074 Kreusius
1183 2010 1223 2072 ad

228 2121 257 2183 h.
280 2121 302 2186 l,
327 2119 493 2203 ‘dispnnpo‘
514 2121 590 2183 item
607 2120 796 2204 interpnnpo'
811 2121 973 2200 dicuntur,
991 2120 1109 2203 quibus
1127 2120 1225 2180 inter-

227 2232 357 2313 ponitur
389 2229 526 2311 aliquid,
569 2231 656 2312 quod
696 2231 778 2293 alius
818 2232 945 2314 generis
981 2208 1048 2310 est,
1088 2234 1120 2292 et
1160 2247 1224 2307 quo

226 2339 281 2402 illa
304 2339 394 2402 velut
417 2340 593 2421 variantur,
618 2332 704 2422 quod
728 2340 807 2402 alias
840 2346 888 2403 est
911 2337 1089 2421 distinpon'.’
1125 2336 1221 2399 Haud

224 2450 442 2531 inopportune
463 2447 592 2511 Ruhnk.
613 2449 760 2512 contulit.
778 2448 841 2513 Cic.
865 2450 903 2510 de
930 2454 1005 2510 orat.
1029 2447 1063 2508 Π
1082 2447 1133 2527 80,
1144 2446 1223 2509 328:

230 2557 380 2620 ‘narratio
401 2557 552 2621 distincta
568 2560 714 2640 personis
734 2565 765 2622 et
787 2561 992 2640 interpuncta
1013 2555 1224 2620 sermonibus'

231 2671 262 2728 et
286 2685 329 2729 or.
349 2666 460 2748 laps:
486 2666 657 2730 ‘Distincta
681 2668 759 2732 alios
780 2675 811 2732 et
825 2670 1029 2751 interpuncta
1047 2666 1224 2747 intervalla,

231 2793 339 2837 morae
361 2777 651 2860 respirationesque
674 2778 870 2841 delectanti·
896 2822 897 2826 ,

163 2880 384 2970 llefflnoc'nrnll:
409 2887 576 2966 sanguinis
600 2887 786 2970 cerebrique
817 2887 946 2950 eltluvio
963 2887 1012 2968 (dn
1037 2884 1224 2969 flnoioAP)

231 2992 263 3055 ll
289 2993 398 3072 mue.

165 3122 330 3166 enormore
353 3110 383 3166 et
406 3105 533 3187 propria
557 3110 588 3168 et
614 3108 726 3170 transl.
756 3107 862 3189 signif.
898 3109 1023 3189 primus
1057 3104 1226 3186 usurpavit

229 3212 386 3276 Velleius:
416 3215 641 3280 consulem...
660 3223 857 3279 exarmatum
885 3266 931 3281 ...
947 3222 978 3279 et
1000 3215 1119 3277 multos
1138 3214 1225 3292 alios,

229 3323 348 3404 potitus
372 3342 492 3404 eorum,
521 3325 642 3388 dimisit
668 3326 846 3389 incolumes
870 3326 903 3388 Π
928 3327 978 3406 25,
992 3327 1021 3390 3.
1045 3361 1088 3371 -
1112 3323 1224 3385 Italico

229 3431 323 3512 belle,
358 3453 421 3515 quo
457 3433 590 3516 quidem
624 3433 762 3497 Romani
796 3437 890 3498 uictis
926 3433 1127 3514 adflictisque
1162 3433 1223 3512 ipsi
1277 3487 1279 3491 ⁴

230 3544 387 3604 exarmati
411 3563 509 3626 quam
531 3545 649 3626 integri
672 3546 834 3608 universis
858 3545 1018 3606 civitatem
1053 3542 1128 3603 dare
1157 3561 1226 3602 ma·

229 3652 362 3714 luerunt
396 3651 426 3715 Il
456 3652 553 3732 17,1.
584 3651 753 3716 ‘enormen'
781 3659 857 3716 sunt
890 3650 1011 3713 infirmi
1046 3654 1076 3713 et
1105 3649 1225 3712 debiles

229 3759 313 3823 facti'
336 3759 467 3825 Ruhnk.

161 3871 354 3933 encolceore:
378 3888 636 3952 nequeunquam
661 3877 821 3934 autnocte
839 3878 894 3932 aut
911 3870 1019 3932 die...
1044 3876 1099 3932 aut
1120 3871 1237 3932 excal-‘

227 3984 371 4041 cearetur
394 3987 450 4040 aut
473 3979 706 4060 discingeretur
729 3978 762 4040 Il
780 3981 831 4058 41,
845 3979 873 4043 3.
888 4015 931 4024 -
943 3979 1041 4061 Apud
1053 3977 1224 4042 Varrver·

228 4088 307 4152 bum
331 4088 494 4170 deponens
517 4087 688 4151 excalceari
706 4092 811 4150 exstat
828 4085 889 4149 Sat.
911 4085 994 4150 Meu.
1010 4090 1083 4151 439.
1101 4088 1222 4152 Buech.
