2782 4642
585 337 798 433 —m—

164 515 199 578 Π
223 516 252 597 6,
266 517 296 578 1.
331 516 420 598 leupo
442 515 569 577 moe'oro
599 518 627 576 01
650 511 775 575 corioro
799 511 831 573 Π
857 512 923 592 6,2.
961 513 1049 595 lorepe
1072 511 1229 575 maiorem

166 625 200 687 Π
224 626 316 707 lue.
341 624 373 687 Il
397 625 490 704 lae.
514 622 547 685 ll
573 623 623 704 79,
635 623 664 685 3.
690 623 777 704 lotape
800 622 905 705 inopis
920 641 1074 704 prospero
1093 619 1126 683 ΙΙ
1140 620 1227 701 51,3.

168 734 256 815 leupo
280 732 559 796 teruzultuoee'oreoe
582 730 616 793 ΙΙ
642 729 732 811 ter.
757 733 846 815 loupe
868 732 1029 795 uberiores
1051 729 1088 793 Π
1112 730 1204 810 812.

271 842 403 905 Praeter
436 843 580 904 omnium
618 841 703 923 qnod
738 843 836 909 sciam
860 840 1127 905 consuetudinem
1152 838 1229 902 Vel-

160 951 249 1014 leius
268 950 405 1032 penitas
429 970 504 1014 cum
527 951 723 1033 superlativo
748 952 855 1013 iunxit
877 949 911 1012 ΙΙ
935 951 1031 1033 27,1:
1058 948 1230 1011 ε1111101111

165 1059 307 1142 bellique
330 1059 526 1123 fortissimus
545 1060 743 1142 penitusque
767 1059 911 1124 Romano
935 1060 1059 1123 nomini
1086 1057 1230 1140 infestis-

165 1169 291 1234 simus’.
320 1168 415 1232 Hanc
431 1189 508 1232 vero
525 1171 718 1233 locutionem
732 1189 888 1253 perquam
904 1169 1105 1246 insolentem,
1117 1170 1152 1230 in
1166 1189 1231 1251 qua

165 1281 244 1342 adeo
268 1279 442 1342 offenderat
468 1276 691 1358 Ruhnkenius,
726 1290 764 1342 ut
798 1279 897 1342 verba
932 1277 1087 1360 quaedam
1123 1274 1230 1337 Vellei

164 1389 235 1451 loco
271 1407 329 1451 sno
364 1394 448 1451 mota
484 1407 553 1451 esse
592 1391 774 1471 suspicatus
810 1389 983 1471 legendum
1022 1389 1230 1469 proponeret:

162 1489 254 1560 ‘belli
287 1499 502 1580 peritissimus
538 1496 748 1581 Romanoque
795 1500 920 1561 nomini
955 1485 1232 1577 infestissimus',1)

166 1626 272 1691 neque
307 1607 486 1672 Fritschius
522 1627 628 1690 neque
664 1608 803 1691 Georges
838 1609 1024 1690 attigerunt.
1081 1605 1233 1668 Proxime

165 1719 217 1779 hic
245 1717 390 1781 Velleius
414 1718 535 1780 accedit
560 1719 599 1781 ad
624 1717 837 1799 Propertium,
869 1717 925 1799 qni
948 1714 1046 1779 semel
1070 1732 1233 1795 compara-

164 1829 223 1890 tivi
248 1829 313 1888 vim
337 1827 444 1889 addito
470 1827 508 1889 de
545 1846 609 1908 qno
645 1829 750 1910 agitur
784 1826 936 1889 adverbio
972 1826 1063 1888 ararit
1091 1823 1108 1884 I
1133 1823 1184 1903 16,
1198 1822 1231 1897 l:

162 1926 278 1997 ‘lanua
301 1936 352 1997 vel
383 1936 511 1998 domina
534 1937 669 2018 penitus
702 1936 859 1999 crudelior
892 1927 979 2019 ipsa’
1029 1932 1232 2012 Quamquam

166 2064 230 2107 non
256 2045 316 2107 hoe
340 2046 445 2107 dicere
469 2045 566 2124 volui,
590 2044 676 2106 hunc
700 2056 811 2127 poetae
834 2047 940 2107 locum
958 2044 1061 2107 Vellei
1084 2041 1140 2103 illa
1155 2041 1234 2103 scri-

171 2154 273 2217 bentis
298 2155 407 2216 animo
432 2152 637 2217 obversatum
662 2173 742 2217 esse.
789 2153 850 2217 Sed
874 2155 952 2216 haec
975 2155 1141 2215 hactenus.

512 2346 545 2421 C.
569 2346 617 2421 De
641 2347 879 2440 coniugatione.

272 2481 409 2544 Perfecti
433 2483 584 2562 temporis
608 2486 678 2543 tert.
713 2500 794 2562 pers.
825 2483 907 2565 plur.
939 2481 1068 2544 brevior
1100 2483 1133 2544 in
1166 2502 1234 2544 -ere

166 2590 277 2670 forma,
303 2610 367 2672 equa
392 2589 577 2652 Ciceronem
601 2598 632 2652 et
657 2589 822 2654 Caesarem
851 2593 1013 2654 rarissime
1049 2610 1125 2654 usos
1160 2608 1233 2653 csse

165 2717 259 2760 nemo
283 2699 393 2776 nescit,
417 2717 490 2760 cum
515 2700 577 2760 iam
604 2705 697 2762 antea
720 2721 738 2762 a
762 2703 989 2764 vetustissimis
1023 2701 1125 2782 poetis
1159 2717 1233 2781 per-

166 2826 260 2890 saepe
285 2814 369 2870 esset
393 2815 556 2888 usurpata,
581 2811 683 2890 magis
706 2809 905 2892 frequentari
933 2812 1036 2892 eoepit
1065 2812 1101 2871 in
1135 2828 1234 2893 prosa

166 3047 268 3116 Superl.
286 3049 352 3101 uird
371 3049 413 3102 die
432 3049 591 3117 Steigerung
608 3050 760 3106 vermehrt!
796 3053 856 3106 Hae
875 3053 946 3106 enim
964 3053 1089 3120 loquendi
1107 3050 1232 3112 formula,

164 3156 245 3208 quam
267 3140 428 3194 Velleianam
450 3157 506 3194 esse
525 3141 651 3207 exemplis
661 3144 739 3195 modo
756 3144 935 3197 demonstravi
954 3159 1075 3212 quaeque
1093 3158 1233 3210 nunquam

165 3233 193 3285 in
213 3230 347 3286 Ciceronis
375 3236 422 3287 aut
450 3231 570 3286 Caesaris
598 3231 683 3302 libris,
714 3235 796 3288 semel
824 3237 894 3304 apud
922 3236 992 3290 Hirt.
1021 3235 1047 3289 b.
1066 3234 1140 3291 Alex.
1159 3234 1233 3298 46,4

165 3325 252 3392 tloupe
270 3325 435 3392 superiores)
454 3325 596 3393 invenitur,
626 3325 729 3379 solutae
748 3328 877 3380 orationis
895 3328 1053 3394 scriptorum
1071 3326 1161 3380 Livius
1176 3325 1232 3394 pri-

165 3433 223 3469 mus
243 3423 381 3484 poetarum
401 3415 525 3484 exemplo
545 3416 710 3485 frequentius
729 3434 778 3471 nee
797 3421 886 3471 tamen
906 3419 966 3486 plus
985 3420 1079 3487 quater
1098 3434 1160 3471 usus
1180 3421 1232 3472 cst.

165 3506 213 3575 (Cf.
233 3508 366 3576 Kithnast,
385 3507 441 3560 Iria.
462 3507 550 3576 synar
569 3526 593 3576 p.
613 3509 685 3578 351.)

272 3599 297 3669 1)
316 3599 433 3652 Kritzius
449 3600 562 3668 periitne
582 3617 641 3654 eum
661 3599 824 3667 superlativo
844 3600 964 3653 iunctum
983 3619 1037 3654 non
1058 3601 1145 3670 magis
1168 3616 1233 3654 con-

165 3706 279 3758 coquens
298 3691 479 3761 Rosenheynii
498 3694 635 3761 opinatam
653 3691 784 3745 medelam
803 3707 851 3758 pro
869 3692 982 3758 penitus
1008 3693 1161 3747 conicientis
1187 3710 1233 3760 pe·

164 3782 242 3834 ru'tus
261 3783 289 3835 in
309 3786 460 3838 contextum
481 3786 596 3849 admisit,
618 3784 677 3836 sine
694 3783 766 3836 iusta
784 3798 871 3835 causa.
908 3782 1022 3837 Etiamsi
1041 3786 1112 3839 enim
1138 3800 1232 3838 conee-

165 3875 252 3942 datur,
271 3874 356 3928 Vellei
375 3876 519 3930 dictionem
538 3879 568 3929 ut
586 3876 743 3929 inusitatam
762 3875 801 3927 ita
829 3873 934 3928 facilem
963 3892 1020 3930 esse
1047 3876 1233 3944 Roscnheynii

165 3968 352 4033 coniecturam,
371 3971 463 4024 tomen
482 3984 556 4021 snam
576 3967 722 4035 scripturae
741 3970 861 4020 constare
873 3969 1057 4034 integritatem
1070 3971 1144 4037 puto.
1166 3967 1232 4022 Non

165 4059 236 4112 enim
256 4075 427 4126 quaecunque
447 4061 517 4127 apud
536 4059 666 4112 Velleium
686 4057 825 4126 evulgari
846 4057 972 4126 loquendi
995 4077 1045 4113 usu
1070 4059 1233 4129 discrepant,

164 4153 292 4204 mutanda
311 4155 382 4204 sunt.
